2874 4804
443 213 478 314 g.
511 225 557 296 52
584 256 632 270 -
660 219 721 298 aa
1018 217 1022 226 ·
1076 209 1159 288 aas
1240 295 1245 300 ,

36 406 188 496 ciceri,
217 402 407 494 ciceris;
442 403 522 473 item
548 411 668 474 contra
693 403 732 473 in
757 427 798 474 eo
820 401 960 494 ordine,
985 407 1047 500 qui
1069 407 1158 480 mul·
1192 425 1195 433 “

38 507 183 578 titudinis
218 507 283 577 erit
314 505 448 596 solum,
487 505 573 601 quin
605 528 627 574 a
659 503 889 576 multitudinis
924 505 1042 601 aliquo
1076 533 1189 580 casuf

36 609 134 680 ordiri
159 609 359 696 conveniat,
396 605 626 698 utsealac,
662 604 821 698 scalis,
854 606 1027 678 scalas:
1066 607 1161 682 aliud

36 709 213 780 videndum
240 720 310 798 cst,
344 721 449 806 quom
476 706 604 803 duplex
624 717 747 779 natura
773 708 952 806 copulata,
987 733 1029 780 ac
1055 707 1160 782 decli-

35 823 170 883 natuum
192 810 266 882 bini
286 809 371 881 fiant
397 809 556 901 ordines,
584 818 624 880 ut
648 821 700 880 est
725 835 833 902 mas,
864 811 1042 903 mares*,
1068 811 1161 884 uude

35 923 103 984 tum
135 915 222 985 ratio
255 911 431 1010 analogiae
463 907 588 984 debeat
612 908 740 1003 ordiri,
783 923 899 983 utrum
925 912 969 984 ab
993 911 1163 1010 singulari

35 1041 69 1086 re
90 1017 126 1086 in
151 1013 425 1104 multitudinem,
454 1037 498 1087 au
525 1011 672 1085 conta-ai
794 1009 862 1085 55.
901 1014 1025 1111 Neque
1053 1017 1158 1106 eninr,

33 1118 59 1187 si
82 1126 203 1187 natura
229 1115 273 1186 ab
299 1141 370 1186 uuo
396 1113 440 1185 ad
472 1114 542 1186 duo
567 1114 747 1210 pervenit,
786 1114 918 1186 ideireo
948 1142 1019 1188 non
1049 1126 1163 1212 potest

34 1217 177 1314 amplius
200 1244 275 1290 csse
300 1218 336 1286 in
363 1215 518 1288 docendo
543 1216 734 1312 posterius,
761 1226 800 1286 ut
821 1215 901 1288 inde
926 1217 1093 1312 incipias,
1122 1227 1163 1290 ut

33 1319 112 1414 quid
143 1321 188 1390 sit
218 1321 337 1416 prius,
371 1316 546 1389 ostendas.
598 1316 722 1412 ltaque
747 1327 781 1387 et
806 1316 863 1409 hi,
899 1320 960 1415 qui
993 1318 1036 1390 de
1068 1319 1164 1391 omui

32 1432 152 1492 natura
172 1419 349 1516 disputant
370 1430 474 1515 atque
497 1419 575 1490 ideo
596 1428 766 1489 vocantur
787 1417 953 1516 Physicif,
984 1431 1100 1491 mmen
1119 1445 1163 1492 ex

32 1520 82 1592 his
104 1520 150 1592 ab
178 1525 338 1593 universa
363 1532 487 1592 natura
512 1519 679 1618 profecti,
706 1528 798 1590 retro
819 1545 909 1616 quae
931 1530 1046 1592 esseut
1067 1522 1163 1618 prin·
1173 1540 1243 1608 233·

32 1625 118 1719 cipia
139 1623 281 1714 mundi,
305 1621 503 1694 ostendunt.
548 1621 673 1693 Oratio
695 1645 800 1715 quom
821 1646 865 1692 ex
885 1622 993 1695 literis
1015 1632 1163 1714 constat,

30 1735 145 1795 tamen
173 1751 249 1796 eam
276 1725 492 1821 grammatici
520 1722 562 1794 de
583 1720 725 1814 literis†
750 1722 988 1797 ostenderunt.
1094 1721 1162 1796 56.

30 1825 148 1916 Quare
175 1826 211 1896 in
234 1824 523 1914 demonstrando,
551 1825 713 1921 quoniam
735 1824 850 1918 potius
870 1823 1044 1922 proficisci
1064 1852 1166 1924 opor·

31 1938 76 1998 tet
102 1925 148 1998 ab
178 1952 220 1998 eo
253 1924 348 2023 quod
377 1928 528 2023 apertius
560 1936 633 2016 est,
669 1949 775 2020 quam
808 1924 852 1995 ab
877 1951 918 1997 eo
943 1925 1039 2024 quod
1067 1931 1166 2024 prius

32 2039 99 2121 est,
128 2039 163 2100 et
187 2030 301 2124 potius
321 2025 364 2098 ab
385 2029 587 2122 incorrupto
612 2027 801 2122 principio,
829 2026 946 2122 *quam
971 2079 1133 2100 ......
1151 2078 1164 2120 ,

32 2141 64 2201 et
88 2131 220 2227 potius*
241 2128 286 2199 ab
311 2139 432 2198 natura
451 2154 580 2219 rerum,
606 2123 718 2223 quam
734 2125 777 2198 ab
796 2125 951 2201 lubidine
972 2128 1164 2221 bominum,

33 2243 65 2302 et
96 2232 185 2302 baec
215 2233 303 2321 tria,
339 2254 427 2325 quae
454 2220 639 2325 sequenda
660 2230 769 2324 magis
796 2239 897 2319 suut,
935 2233 1050 2302 minus
1084 2242 1168 2304 sunt
1264 2246 1268 2252 '

33 2334 67 2402 in
83 2329 324 2430 singularibus
346 2331 506 2426 quam'in
529 2327 766 2400 multitudine:
795 2331 1035 2422 †commodius
1054 2344 1168 2429 potest
1176 2346 1228 2396 115

33 2435 160 2526 ordiri,
208 2430 302 2531 quod
334 2433 371 2500 iu
404 2429 459 2500 bis
490 2430 668 2526 principiis
701 2431 816 2502 minus
855 2433 1018 2504 orationis
1051 2431 1243 2506 verbis130)

33 2535 206 2635 lingendis
245 2532 429 2606 verborum
467 2531 577 2602 souma
619 2529 789 2624 facilius†
833 2531 1021 2632 singularia
1059 2534 1169 2606 videri

34 2663 154 2732 posse,
196 2659 301 2735 quam
326 2659 369 2708 ex
391 2631 625 2732 singularibus
650 2631 899 2728 multitudiuis,
937 2641 1023 2707 liaeo
1053 2649 1167 2710 osten·

145 2852 199 2918 54.
224 2867 303 2933 cicer]
322 2866 355 2921 cf.
374 2869 452 2933 VlIl,
472 2871 515 2919 ts.
628 2865 730 2932 scalae]
747 2867 801 2932 lX,
819 2872 862 2920 63.
968 2876 1040 2926 mus,
1059 2870 1169 2934 mares']

35 2941 98 2992 coni.
137 2943 219 2992 Mors
238 2939 340 2991 Mortis
359 2940 435 2995 codd.
463 2935 532 3004 quod
556 2939 702 3004 exemplum
727 2947 796 2992 esset
821 2939 1010 2992 alienissimum.
1046 2941 1170 2994 Fortasse

35 3012 116 3064 moris
136 3012 242 3079 scripsit
259 3011 352 3065 Varro.
467 3005 572 3072 debeat]
591 3007 667 3061 GHa.
704 3007 795 3060 debuit
813 3017 875 3062 cett.

149 3121 203 3184 55.
235 3134 304 3203 eum]
322 3151 354 3184 eo
372 3133 450 3186 GHa.
581 3133 612 3182 de
630 3131 717 3184 literis
725 3133 754 3202 †]
777 3135 865 3187 Locus
883 3135 1023 3189 obscurior.
1060 3137 1170 3191 Videtur

35 3207 132 3274 aliquid
156 3206 298 3270 excidisse,
324 3205 392 3258 uude
417 3205 480 3257 haec
504 3207 631 3258 sententia
654 3206 746 3256 effecta
771 3208 818 3258 sit:
852 3208 1004 3273 Quanquam
1029 3211 1111 3260 oratio
1137 3226 1171 3263 ex

35 3279 115 3330 literis
140 3283 258 3342 constat,
284 3283 369 3330 tamen
393 3279 566 3344 grammaticis
590 3276 762 3344 incipiendum
788 3284 843 3330 erat
867 3296 883 3330 a
906 3281 1054 3344 vocabulis,
1085 3286 1115 3331 nt
1139 3297 1171 3332 ea

37 3351 129 3416 quibus
149 3367 166 3403 e
183 3351 265 3401 literis
283 3350 424 3416 composita
443 3353 542 3412 essent,
561 3347 735 3401 ostenderent.
825 3350 1008 3417 ostenderunt]
1027 3351 1172 3402 ostendunt

37 3421 114 3475 GHa.
152 3421 202 3474 Vv.
225 3419 256 3469 de
280 3420 366 3470 literis
387 3419 502 3486 (litteris
525 3417 575 3486 G.)
596 3419 740 3470 ostendunt
764 3421 791 3473 in
808 3421 883 3474 codd.
900 3421 984 3474 denuo
1013 3422 1172 3476 inculcantur

36 3500 94 3546 aute
115 3499 258 3560 asportet
275 3493 299 3556 §.
318 3495 361 3543 56.

150 3581 203 3646 56.
224 3593 371 3664 proficisse]
389 3597 424 3651 G.
448 3601 475 3649 et
495 3611 519 3648 a.
545 3600 574 3646 ut
591 3593 700 3650 videtur.
744 3593 883 3664 proficisse
901 3595 936 3649 Η.
975 3596 1122 3666 profecisse
1138 3598 1171 3652 F.
1201 3629 1202 3634 =

33 3667 128 3734 potius
148 3667 194 3732 ab]
215 3684 257 3734 vg.
297 3667 390 3736 potius
409 3685 489 3738 quarn
507 3663 541 3716 alt
560 3665 634 3718 codd.
765 3668 858 3736 *quam
976 3700 1001 3722 .‚
1025 3677 1052 3718 et
1066 3669 1172 3738 potius]

38 3739 196 3792 Huiusmodi
214 3737 356 3790 membrum
374 3755 431 3790 cum
450 3737 525 3791 facile
544 3736 664 3790 excidere
683 3737 810 3803 potuerit,
828 3753 889 3790 rere
907 3739 1051 3804 excidisse,
1064 3747 1172 3808 propter

39 3824 62 3861 r.
82 3812 141 3862 tria
159 3812 186 3862 in
204 3809 370 3876 sequentibus
388 3810 500 3862 dubitari
517 3810 613 3876 nequit.
650 3809 751 3863 Quibus
769 3816 856 3861 autem
872 3811 973 3875 verbis,
997 3827 1065 3878 quae
1083 3812 1170 3862 incer«

39 3891 124 3950 rupto
140 3881 273 3950 principio
291 3883 418 3933 contraria
439 3888 514 3946 sunt,
536 3881 718 3947 significaverit
736 3880 860 3947 scriptor,
884 3883 927 3934 vix
945 3882 1057 3934 divinare
1075 3883 1171 3936 licebit.

39 3951 221 4016 †comrnodius
241 3991 307 4006 ...
320 3952 475 4022 facilius†]
495 3953 569 4004 Hanc
587 3951 712 4019 apodosiu
730 3966 780 4002 uon
799 3968 849 4004 uuo
867 3953 929 4004 vitio
946 3953 1076 4018 laborare,
1094 3955 1172 4006 intel-

37 4025 104 4076 lexit
123 4024 202 4075 etiam
219 4023 324 4076 Koeler.
343 4025 395 4076 Lit.
408 4025 464 4076 crit.
485 4019 560 4091 pti.
596 4026 694 4076 Sensus
712 4023 820 4076 tortasse
836 4040 868 4076 an
881 4026 919 4076 sic
934 4025 1061 4079 declarari
1077 4026 1178 4094 possiti¹

38 4093 202 4145 commodius
212 4102 302 4162 potest
321 4093 377 4148 hino
398 4094 481 4147 ordiri
499 4095 668 4162 etymologos,
687 4093 759 4162 quod
774 4094 802 4144 in
820 4093 862 4146 iris
876 4094 1173 4164 principiis*orationis

37 4164 127 4216 verbis
138 4163 277 4231 fingendis
292 4164 385 4218 idonea
402 4163 538 4217 verborum
550 4166 646 4235 formo
669 4164 769 4217 facilius
786 4166 954 4234 intelligitur3
976 4184 1035 4220 nam
1053 4183 1087 4221 ex
1105 4167 1173 4221 mul·

38 4236 161 4288 titudinis
173 4235 292 4305 facilius
307 4270 352 4290 ...
388 4237 441 4288 Sed
459 4235 523 4290 baec
542 4238 597 4305 ipsa
615 4237 737 4290 Varronis
754 4235 833 4289 luisse
850 4239 937 4305 rerba,
954 4239 1047 4296 nemini
1064 4253 1172 4309 persua-

39 4307 103 4361 dere
122 4307 202 4360 volui.
312 4307 463 4378 principiis]
481 4325 524 4374 vg.
564 4305 730 4377 principibus
747 4308 822 4362 codd.
