2864 4814
254 215 335 290 102
675 243 796 286 crocu
827 241 994 287 sextus.

214 428 246 474 u
260 401 354 502 quod
379 404 453 476 siue
476 414 598 502 sponte
629 427 692 476 sua
715 401 822 496 dixit,
859 427 938 476 cnm
964 429 1007 477 eo
1030 429 1101 478 non
1126 414 1239 502 potest
1261 407 1318 506 agi
1341 433 1383 479 ex

239 504 398 602 sponsu.
554 501 642 596 Ι75.
682 506 799 578 Etiam
831 529 933 608 spes
964 533 984 578 a
1017 518 1138 607 sponte
1170 519 1283 604 potest
1313 534 1384 581 esse

198 607 448 700 ajgcleciinata,
485 607 578 705 quod
612 619 685 680 tum
718 620 853 706 sperat,
893 633 1021 707 quom,
1058 607 1152 709 quod
1184 607 1277 701 volt,
1310 610 1384 682 lieri

253 721 374 806 putat3
414 735 494 780 nam
524 710 618 809 quod
647 735 717 782 nou
748 711 823 781 volt
856 711 886 782 si
919 721 1038 809 putat,
1083 713 1270 802 metuit,
1316 738 1385 784 non

254 822 380 908 sperat.
421 812 544 910 Itaque
563 813 621 884 bic
640 837 779 910 quoque
797 812 857 909 qui
877 811 997 885 dicunt
1017 816 1053 885 in
1069 810 1225 886 Astraba
1243 813 1381 886 Plauti:

368 945 477 1014 Nznw
512 967 681 1039 sequere,
730 945 909 1037 aeriaeque,
957 945 1224 1048 Polybu'rlisce,
1270 971 1387 1014 nicam

424 1069 526 1139 spem
559 1047 666 1139 cupio
699 1047 882 1140 consequi.

369 1168 510 1262 Sequor
536 1165 659 1234 hercle
688 1167 858 1258 qnirlem3
901 1193 987 1242 narn
1014 1166 1168 1237 libenter
1193 1191 1388 1268 ncealspe-

423 1283 511 1340 rata
539 1291 761 1362 coraseqnor:

197 1385 351 1482 mequod
384 1389 458 1460 sine
492 1397 614 1487 sponte
648 1386 789 1477 dicunt,
830 1411 911 1460 vere
946 1413 1057 1484 neque
1090 1385 1149 1458 illc
1183 1394 1304 1482 sperat·
1330 1387 1388 1482 qui

257 1487 341 1560 dicit
359 1488 572 1581 adolescens,
598 1514 710 1586 neque
732 1488 793 1561 illa
813 1499 950 1586 sperata
971 1500 1036 1561 est.
1155 1485 1221 1558 tlt.
1251 1486 1389 1584 Spon-

257 1614 329 1660 sor
355 1601 389 1661 et
414 1617 546 1687 praes
568 1601 602 1662 et
621 1616 697 1663 vas
723 1617 835 1688 neque
856 1590 969 1682 idem,
998 1614 1110 1687 neque
1136 1615 1191 1662 res
1215 1615 1236 1660 a
1261 1586 1387 1686 quibus
1425 1601 1426 1604 ’

257 1689 318 1780 bi,
351 1690 413 1761 sed
439 1717 458 1764 e
483 1717 521 1764 re
546 1692 669 1764 simile.
729 1693 853 1790 Itaque
887 1718 1019 1790 praes
1058 1694 1118 1787 qui
1142 1718 1163 1761 a
1186 1693 1389 1789 magistratu

258 1793 510 1890 interrogatus,
556 1794 593 1864 in
625 1792 804 1890 publicum
838 1803 878 1865 u't
913 1819 1013 1890 praes
1050 1796 1138 1888 siet3
1176 1818 1196 1864 a
1230 1818 1303 1889 quo
1337 1804 1386 1880 et,

258 1918 362 1989 quom
402 1893 610 1993 respondet,
648 1892 755 1974 dicit:v
793 1921 918 1990 praee.
977 1895 1070 1970 Vas
1103 1893 1296 1992 appellatus
1332 1894 1389 1991 qui

258 2019 321 2090 pro
353 1993 462 2068 altero
497 1991 738 2068 vadimonium¹
765 1995 998 2092 promittebat.
1063 1996 1287 2070 Consuetudo
1321 2005 1390 2067 erat
1425 2031 1426 2058 t

260 2121 364 2193 quom
389 2121 469 2168 reus
494 2123 616 2195 parum
642 2108 733 2170 esset
762 2099 906 2170 idoneus
931 2099 1077 2195 inceptis
1102 2098 1226 2190 rebus,
1263 2107 1304 2169 ut
1331 2123 1389 2195 pro

168 2235 171 2242 ·
197 2221 297 2290 estse
322 2196 428 2269 alium
460 2197 579 2294 dar'et3
623 2225 643 2270 a
675 2224 745 2298 quo
776 2202 891 2273 caveri
912 2209 1029 2298 postea
1055 2201 1132 2300 lege
1155 2208 1317 2306 coeptum
1343 2209 1390 2272 est

341 2465 345 2481 ,
370 2404 423 2472 73.
455 2438 548 2490 quom,
565 2418 647 2489 praed]
666 2421 732 2474 coni.
768 2419 915 2491 quodcum
934 2420 1080 2492 (quomo.)
1100 2420 1174 2472 codd.
1291 2417 1389 2487 nicJtt

258 2494 323 2545 coni.
343 2494 506 2562 Spengelius.
556 2492 610 2545 Sed
628 2509 685 2544 cum
705 2499 804 2544 certum
823 2493 871 2558 sit,
897 2492 962 2542 daec
981 2493 1076 2544 dictum
1095 2507 1152 2544 esse
1169 2507 1185 2542 a
1202 2492 1322 2543 Varrone
1348 2507 1389 2559 pro

258 2565 323 2624 itae,
350 2566 440 2630 quidni
456 2565 548 2615 eodem
567 2565 622 2614 iure
639 2571 741 2614 utamur
759 2565 784 2614 iu
802 2561 868 2613 tic?
903 2564 935 2615 V.
953 2564 986 2615 ad
1003 2566 1035 2628 V,
1054 2567 1097 2616 98.
1222 2561 1335 2629 Plauti]
1352 2580 1388 2628 ap.

257 2633 378 2687 Bothium
396 2637 464 2686 inter
480 2635 571 2699 fragm.
592 2634 670 2689 fabul.
689 2634 814 2702 deperdit.
834 2651 858 2700 p.
870 2637 931 2686 55³.
1046 2634 1135 2700 Nunc]
1148 2631 1215 2687 coni.
1228 2633 1389 2702 Spengeiios.

257 2721 290 2754 ne
306 2705 396 2771 codd,
414 2704 483 2772 quod
499 2706 615 2773 plerique
633 2707 789 2758 coniunxere
807 2720 865 2756 cum
883 2721 907 2756 v.
926 2703 1039 2769 Plauti,
1064 2712 1092 2758 ut
1109 2703 1239 2756 Plautiae
1258 2711 1299 2756 est
1317 2706 1342 2756 in
1359 2705 1388 2754 G.

258 2775 338 2826 Nunc
362 2777 485 2844 scriptum
509 2782 565 2827 erat
588 2791 634 2844 per
661 2783 748 2827 notam
771 2793 789 2826 n
815 2791 873 2827 cum
899 2793 913 2826 c
944 2777 1106 2844 supraposito
1132 2777 1172 2828 ret
1198 2791 1256 2828 cum
1288 2783 1388 2843 puncto.

257 2844 386 2916 adaeque]
405 2847 495 2910 codd,
520 2847 569 2898 nisi
591 2848 702 2899 sortasse
724 2844 869 2917 adaequare
893 2850 933 2899 est
951 2847 976 2897 in
990 2847 1031 2912 b.‚
1056 2849 1128 2899 utin
1148 2863 1190 2913 vg.
1244 2845 1314 2899 illud
1333 2847 1387 2899 reii-

257 2917 331 2982 giose
349 2920 447 2970 serrari
467 2923 496 2968 ut
513 2924 585 2970 esset
601 2919 669 2970 iuter
683 2919 794 2983 vestigia
813 2917 889 2969 activi
908 2918 979 2970 verbi
997 2936 1113 2988 sequere.
1203 2915 1387 2986 Polybadr'sce]

257 2990 390 3056 Scaliger,
408 2990 555 3058 Scioppius.
599 2986 704 3057 Polyba
723 2987 793 3038 disce
809 2989 894 3041 FGH.
933 2986 1028 3056 polibo
1045 2988 1115 3039 disce
1133 3005 1157 3040 a.
1194 2986 1306 3056 proliba
1326 2989 1388 3038 disce

258 3061 283 3110 b.
411 3060 509 3124 hercle]
523 3060 576 3114 Hb.
611 3058 724 3112 betelem
741 3076 765 3112 a.
801 3059 939 3111 haeredem
956 3060 988 3112 F.
1006 3069 1009 3076 ’
1024 3057 1129 3113 hercule
1148 3063 1182 3112 G.
1208 3066 1238 3111 ut
1255 3077 1300 3126 vg.
1325 3058 1387 3128 quod

258 3132 416 3196 Spengelius
435 3133 547 3184 retinuit.
696 3129 810 3182 libenter
828 3148 886 3182 mec
904 3130 1026 3199 sperata]
1045 3128 1171 3197 libenter,
1199 3147 1258 3182 mea
1275 3140 1388 3202 sperata,

259 3202 290 3265 (ἰ.
306 3217 328 3254 e.
346 3204 551 3271 μνηστευομένη)
568 3203 694 3270 Scaliger.

324 3329 326 3338 ’
354 3297 421 3363 ’74.
447 3309 562 3374 idemJb.
579 3308 732 3373 studetur,
750 3309 817 3361 sicut
834 3323 877 3375 vg.
914 3307 971 3358 ideo
990 3313 1051 3360 cett.
1067 3308 1142 3362 codd.
1256 3307 1387 3373 sedere]

259 3383 289 3437 F.
325 3383 385 3436 sede
403 3399 432 3434 re
450 3383 485 3436 G.
521 3378 609 3430 sedere
628 3380 653 3430 b.
689 3381 774 3430 sedem
792 3379 842 3432 Ha
949 3377 1044 3444 simile]
1063 3381 1138 3433 codd.
1169 3379 1199 3432 ld
1217 3379 1295 3434 facile
1314 3381 1386 3434 corri-

258 3472 321 3522 gere
335 3449 398 3508 'cum
412 3451 537 3521 Scioppio
555 3451 581 3502 iu
598 3446 687 3506 simili,
705 3451 751 3503 sed
769 3452 869 3516 reliqui,
888 3450 948 3502 dum
967 3453 1112 3504 accuratius
1130 3452 1277 3520 disputetur
1295 3453 1329 3504 de
1347 3450 1386 3502 tue

259 3527 302 3591 re,
321 3541 397 3593 quam
416 3525 578 3578 etiamnunc
597 3520 692 3572 iactum
712 3528 760 3573 est
797 3522 838 3573 cf.
857 3521 966 3587 1x‚4a.
1097 3531 1130 3573 ut
1144 3541 1227 3591 praee
1244 3522 1309 3590 siet]
1328 3522 1386 3576 coni.

258 3599 410 3651 Patmerius.
447 3605 479 3646 nt
495 3600 615 3662 praestet
626 3590 743 3658 (prestet
751 3592 796 3658 F.)
809 3592 895 3659 codd..
921 3608 958 3642 an
967 3603 1089 3660 praesen
1107 3595 1226 3661 Scaliger
1240 3595 1273 3646 ad
1287 3595 1386 3648 Festum

259 3685 279 3720 s.
293 3686 316 3720 v.
330 3684 413 3736 praes,
431 3685 456 3736 p.
470 3669 532 3720 ate.
551 3664 717 3716 Lindemann.
754 3664 895 3716 Salmasius
912 3662 946 3714 de
963 3663 1040 3716 modo
1058 3679 1191 3718 usurarum
1211 3683 1233 3718 c.
1245 3670 1288 3718 16.
1309 3668 1385 3719 locun

259 3741 296 3790 sic
322 3737 470 3791 constituite
496 3737 696 3801 interrogatus,
723 3733 808 3800 fidem
829 3732 937 3801 publico
961 3743 993 3784 ut
1016 3745 1150 3804 praester.
1196 3737 1336 3790 cremems
1358 3734 1385 3786 ad

259 3811 372 3862 Gellium
390 3809 456 3862 Exc.
475 3809 520 3861 lv.
540 3806 639 3872 (Kiliae
657 3806 751 3872 1832.)
771 3823 797 3872 pa
814 3809 858 3857 73.
883 3805 936 3856 sic:
967 3803 1167 3876 interrogatus,
1199 3807 1229 3862 in
1252 3807 1385 3876 publicum

259 3898 295 3930 aa
312 3877 460 3949 praeses?
484 3896 502 3927 a
520 3895 572 3948 quo
589 3885 616 3925 et
634 3893 693 3927 cum
711 3869 866 3944 respondet:
890 3891 986 3944 praes,
1011 3875 1120 3931 dicitur.
1163 3879 1270 3932 Fundus
1288 3880 1385 3934 Palme-

260 3953 345 4003 rinnae
364 3951 482 4003 lectionis
506 3953 546 4000 est
570 3947 663 4000 Festus
687 3964 708 3999 s.
726 3964 750 3998 r.
769 3962 844 4014 praes
869 3964 896 4015 p.
914 3950 974 3998 122.
1009 3964 1090 4014 praes
1107 3959 1149 4000 est
1165 3951 1205 4013 ie,
1230 3950 1279 4022 qui
1295 3945 1384 4020 populo

259 4021 665 4093 seobligat,interrogatueq1ca
683 4035 700 4067 u
719 4017 882 4088 magistratu
901 4018 932 4067 ai
953 4035 1064 4086 praes
1082 4019 1147 4085 sit,
1173 4021 1219 4072 ille
1237 4021 1384 4090 respondet:

256 4110 372 4161 praes.
407 4093 479 4145 Idem
497 4098 583 4143 tamea
602 4105 622 4142 s.
640 4107 664 4140 v.
685 4104 805 4157 manceps
824 4107 849 4157 p.
869 4092 929 4142 102.
947 4091 1088 4157 mancipem
1108 4108 1123 4142 a
1141 4094 1297 4160 praestando
1316 4105 1382 4160 prae-

259 4163 317 4215 dem
337 4163 387 4215 dici
406 4165 544 4216 existimat.
587 4161 713 4212 Praedem
733 4177 749 4211 a
770 4158 925 4228 praestando
942 4160 1019 4212 fidem
1038 4162 1106 4226 dici,
1132 4165 1247 4218 Varrone
1265 4171 1332 4217 teste
1349 4160 1382 4212 al·

259 4239 343 4288 firmet
368 4235 469 4301 Apulei.
496 4234 528 4286 de
546 4230 642 4299 diphtir.
662 4235 704 4282 22.
724 4249 749 4299 p.
762 4234 823 4283 141.
842 4231 939 4284 Osann.
981 4231 1092 4284 Videtur
1117 4234 1195 4300 igitur
1220 4236 1244 4293 b.
1262 4239 1279 4290 l'.
1298 4235 1382 4302 legisse

256 4313 387 4375 praestet.
518 4301 599 4356 vader
618 4319 649 4354 ne
668 4301 774 4374 darent]
793 4303 809 4358 i.
828 4319 852 4356 e.
873 4319 905 4356 ne
921 4303 982 4356 date
1001 4312 1163 4369 cogerentur.
