2864 4814
346 175 363 232 ³
455 237 492 339 §-
522 254 571 325 as
592 279 641 294 —-
665 254 728 325 aa·
1103 243 1158 320 85

38 433 109 504 hum
133 428 245 502 emisit
269 449 311 497 ac
337 449 442 524 quem
472 430 692 521 manumisit,
728 427 788 501 ille
821 427 931 503 nihilo
964 433 1079 503 minus
1105 445 1160 506 est

38 534 133 623 liber,
168 529 230 603 sed
254 528 361 622 vitio,
399 537 439 598 ut
460 530 681 626 magistratus
703 533 789 603 vitio
812 544 947 604 creatus
974 530 1083 605 nihilo
1105 559 1159 606 se·

40 637 101 706 cius
121 634 355 732 magistratus.
408 630 557 702 Praetor
580 633 641 728 qui
661 642 735 703 tum
761 632 852 707 satus
874 645 945 727 est,
975 637 1005 705 si
1027 635 1159 733 impru-

39 736 112 806 dens
141 735 245 824 fecit,
282 730 457 828 piaculari
489 731 602 804 hostia
634 731 725 806 facta
759 737 899 832 piatur,
942 739 972 807 si
1006 737 1160 834 prudens

40 837 130 929 dixit,
166 836 321 926 Quintus
349 832 491 906 Mucius
519 833 718 934 ambigebat
752 861 831 907 eum
863 840 993 933 expiari
1026 849 1065 910 ut
1096 840 1159 910 im·

39 939 120 1035 pium
144 963 216 1009 non
241 959 355 1034 posse.
527 933 593 1008 51.
631 938 857 1010 Intercisi
891 938 964 1010 dies
991 952 1073 1012 sunt
1096 965 1161 1037 per

40 1065 114 1136 quos
138 1064 238 1110 mane
263 1047 297 1124 et
326 1039 461 1132 vesperi
494 1047 548 1108 est
578 1036 697 1127 nefas,
738 1038 852 1111 medio
885 1050 1037 1137 tempore
1070 1043 1204 1114 intereo

40 1140 176 1236 hostiam
202 1165 336 1212 caesam
369 1149 405 1209 et
429 1148 508 1210 exta
532 1150 693 1235 porrecta
718 1139 796 1234 fas,
837 1167 857 1210 a
888 1165 957 1238 quo
982 1143 1077 1240 quod
1108 1143 1161 1217 fas

40 1251 101 1313 tum
115 1241 309 1334 intercedit,
332 1249 392 1311 aut
407 1265 448 1311 eo
463 1251 518 1311 est
533 1243 733 1313 intercisum
748 1241 860 1334 nefas,
884 1245 1161 1320 intercisum.
1173 1277 1223 1318 212

40 1344 113 1416 Ilias
145 1347 207 1442 qni
238 1353 383 1414 vocatur
415 1343 487 1413 sic:
526 1341 718 1432 Quando
751 1344 847 1415 Rex
880 1335 1224 1436 comitiavits‘

40 1443 120 1538 ias,
152 1449 184 1518 is
211 1446 326 1517 dictus
352 1442 460 1516 abeo
484 1442 580 1540 quod
603 1470 645 1515 eo
671 1443 727 1517 die
750 1471 811 1517 rex
834 1445 1061 1517 sacrificiolns
1085 1448 1161 1519 itat*

41 1547 75 1617 ad
105 1549 304 1636 comitium,
341 1544 387 1616 ad
420 1544 516 1642 quod
547 1555 683 1643 ternpus
707 1556 762 1618 est
785 1547 904 1640 nefas,
945 1546 989 1618 ab
1016 1574 1058 1620 eo
1082 1547 1160 1642 fas,

40 1648 141 1748 itaque
166 1658 245 1746 post
269 1645 307 1717 id
330 1658 468 1744 tempus
491 1647 568 1745 lege
591 1657 708 1719 actum
732 1673 847 1746 saepe.
971 1647 1041 1720 52.
1073 1646 1163 1722 Dies

41 1752 88 1844 qui
119 1761 291 1822 vocatur:
331 1747 525 1838 Quando
557 1758 762 1821 stercum
793 1749 1021 1844 delatum,
1062 1749 1221 1844 ias‚2rs

42 1851 75 1921 ah
101 1878 143 1924 eo
177 1847 368 1948 appellatus
401 1850 495 1945 quod
526 1875 567 1922 eo
600 1849 656 1922 die
684 1875 728 1922 ex
759 1852 844 1923 aede
872 1852 1000 1926 Vestae
1029 1841 1226 1924 stercus*

41 1956 256 2026 everrituret
290 1977 353 2047 per
386 1950 621 2048 Capitolinum
654 1951 782 2025 clivom
810 1953 987 2026 inlocum
1013 1953 1165 2026 defertur

42 2067 173 2126 certum.
227 2054 336 2125 Dies
354 2043 583 2125 ihllieusis
609 2051 653 2126 ab
675 2049 773 2125 Attia
794 2054 902 2127 iluvio
922 2054 1057 2151 dictus3
1084 2081 1164 2127 nam

41 2153 80 2225 ihi
102 2157 256 2230 exercitu
279 2165 400 2227 nostro
422 2153 542 2254 fugato
568 2153 664 2227 Galli
688 2154 897 2230 obsederunt
919 2159 1081 2232 Romam.

42 2366 126 2437 secius]
145 2387 188 2438 vg.
226 2369 274 2422 sed
290 2368 333 2420 ius
350 2371 397 2422 Fa.
417 2377 488 2424 cett.
508 2369 584 2425 codd.
603 2387 653 2424 om.
671 2372 750 2425 verba
768 2373 835 2423 iuter
853 2370 1033 2441 magistratus
1052 2373 1121 2440 prius
1140 2379 1166 2425 et

43 2438 148 2495 aiterum.
259 2441 358 2510 fatus]
369 2459 392 2494 a.
410 2448 439 2493 ut
457 2443 574 2508 videtur,
592 2444 661 2494 sicut
678 2460 720 2509 vg.
751 2443 852 2511 faetus
871 2448 932 2494 cett.
1046 2443 1165 2511 Quintus

42 2509 149 2579 diucius]
167 2512 270 2564 Eodem
289 2515 416 2564 Scaevola
433 2514 560 2580 Pontifice
578 2521 699 2579 auctore,
725 2515 877 2582 prudentem
897 2515 995 2580 expiari
1010 2529 1062 2564 non
1080 2530 1166 2580 posse,

42 2577 107 2634 dccet
124 2585 202 2636 ellam
216 2584 335 2636 Macrob.
349 2587 404 2636 Sat.
422 2586 448 2649 l,
468 2590 510 2636 16.
624 2585 745 2651 dilutius]
761 2585 866 2636 mutius
882 2586 958 2649 GH.,
977 2591 1007 2637 ut
1023 2585 1088 2637 insta
1106 2586 1164 2649 Vll,

44 2652 94 2701 1⁰5.
118 2655 195 2706 etiem
215 2655 245 2704 F.
370 2653 532 2724 ambigebat]
545 2657 579 2707 G.
598 2661 625 2707 et
644 2657 668 2707 b.
687 2663 716 2708 ut
734 2657 784 2710 vid.
802 2657 869 2708 sicut
885 2657 928 2712 ed.
947 2673 988 2726 pr.
1022 2653 1122 2728 agebat
1140 2673 1163 2713 a.

42 2720 181 2794 abnegabat
200 2725 259 2778 ΡΗ.
283 2727 306 2777 si
324 2727 459 2794 Spengelii
478 2729 668 2780 annotationem
687 2735 759 2781 recte
776 2729 902 2794 intelligo.

142 2835 196 2901 31.
218 2850 354 2918 Intercisa]
368 2855 393 2906 b.
412 2861 442 2907 ut
457 2871 499 2920 vg.
536 2852 678 2904 intercensi
695 2858 756 2905 cett.
776 2852 851 2904 codd.
888 2852 955 2904 Illud
972 2851 1042 2919 apud
1059 2850 1164 2903 Macto-

43 2918 101 2972 bium
119 2923 174 2977 Sat.
196 2925 223 2986 1,
241 2928 282 2975 16.
301 2925 403 2990 iegitur.
440 2927 468 2977 In
487 2925 650 2976 Kalendariis
668 2925 717 2975 EN
736 2925 865 2990 significat
882 2925 1072 2976 endotercisum
1089 2923 1165 2974 diem.

40 2995 162 3060 porrecta]
177 3011 220 3060 vg.
245 2994 366 3062 proiecta
384 2997 460 3048 codd.
489 2995 726 3063 Cf.supraVl‚16.
815 2995 908 3059 coest]
926 2995 993 3046 conl.
1027 3011 1071 3042 eos
1089 2993 1164 3044 codd.

43 3059 99 3114 Illud
117 3068 234 3134 explico:
261 3081 292 3116 eo
310 3072 441 3136 tempore,
466 3067 536 3133 quod
555 3074 595 3118 est
612 3068 679 3118 inter
697 3082 773 3118 cama
791 3072 819 3117 et
838 3073 972 3132 porrecta,
1005 3064 1167 3116 interciditur

44 3133 138 3188 relicum
159 3137 212 3188 diei
235 3143 354 3203 tempus,
379 3139 449 3204 quod
467 3139 594 3196 nefastum
613 3142 661 3190 est.
789 3137 916 3202 precatur]
935 3134 1010 3188 codd.
1053 3145 1167 3185 notatur

44 3203 206 3273 Augustinus,
233 3209 357 3273 Ursinus,
382 3211 529 3278 Scioppius.
564 3209 657 3261 Itidem
675 3213 844 3259 correxerunt
860 3207 937 3258 etiam
955 3207 1063 3259 similem
1082 3208 1166 3258 Iocum

44 3274 64 3334 i·
76 3281 115 3326 32·
222 3280 288 3331 Post
312 3280 390 3332 verba
413 3290 528 3332 vocatur
544 3280 583 3330 sic
608 3281 635 3334 in
653 3279 710 3332 cod.
729 3279 761 3330 B.
780 3279 948 3345 interpolatae
970 3284 1059 3331 extant
1077 3279 1168 3329 literae

46 3345 73 3397 Q·
88 3349 121 3399 R.
141 3350 171 3403 C.
191 3349 222 3401 F.
258 3351 367 3404 Scilicet
389 3368 440 3404 non
458 3351 595 3418 ignorabat
613 3349 688 3404 huius
706 3350 803 3404 codicis
821 3351 947 3418 scriptor,
973 3349 1014 3400 his
1032 3349 1114 3400 literis
1133 3350 1167 3403 Q.

45 3413 73 3470 R.
91 3418 156 3485 (sive
172 3419 266 3488 REX)
285 3421 315 3474 C.
334 3423 365 3476 F.
384 3425 468 3475 notari
494 3439 539 3474 eos
556 3423 613 3474 dtes
637 3423 663 3472 in
687 3421 858 3478 Kalendariis.
877 3422 909 3474 V.
928 3421 962 3472 K.
981 3420 1055 3471 Mati.
1072 3420 1166 3471 Prneu.

46 3488 72 3538 sd
88 3491 112 3541 d.
129 3493 175 3546 IX.
193 3493 253 3544 Kal.
271 3495 389 3560 Apriles,
408 3501 434 3547 et
453 3495 486 3547 K.
507 3493 580 3546 Mart
600 3492 705 3559 Exquil.
723 3494 821 3547 Venus.
841 3509 864 3545 a.
883 3490 909 3542 d.
926 3491 974 3543 IX.
993 3491 1053 3542 Kal.
1070 3489 1165 3542 lunias

46 3554 161 3624 Equidem
180 3580 231 3615 non
247 3571 365 3632 ¹poteram
384 3568 444 3633 quin
463 3563 508 3620 has
523 3573 599 3621 notas
613 3567 733 3618 eiicerem
746 3581 805 3618 enm
821 3580 844 3615 r.
859 3569 981 3614 notatur.
1051 3558 1113 3627 far,
1130 3560 1166 3627 is]

47 3643 83 3694 lg.
118 3633 208 3702 fassis
226 3635 301 3686 codd.
327 3638 375 3688 nisi
392 3638 462 3704 quod
481 3637 534 3708 fas
551 3637 592 3704 fis·
610 3653 636 3693 a.
765 3630 995 3700 sacriflciolus]F.
1032 3630 1166 3698 sacrrficio

47 3698 180 3770 (sacrifitio
199 3707 255 3773 ab.)
274 3707 318 3756 ins
336 3709 411 3760 codd.
524 3707 610 3772 itat*]
631 3707 775 3760 emendavit
792 3707 866 3758 Fniv.
885 3703 1009 3767 Ursinus,
1035 3718 1069 3755 ert
1086 3702 1188 3755 Festo'

49 3786 65 3820 s.
80 3789 102 3826 v.
120 3776 289 3842 Regifugium
308 3779 545 3845 p.230.1.indem.
589 3777 662 3828 dicat
681 3777 771 3841 codd,
795 3776 842 3828 sed
860 3775 893 3826 de
912 3774 953 3826 ab.
979 3773 1040 3826 nihil
1058 3775 1167 3827 relatum

48 3849 87 3897 est.
120 3847 207 3908 Dauo
224 3851 280 3916 ipsa
299 3850 393 3902 Festus
412 3869 438 3920 p.
446 3856 509 3904 219.
527 3855 588 3904 230.
624 3851 731 3904 Verrius
749 3851 808 3902 Kal.
826 3848 921 3900 Praen.
939 3845 1149 3920 Martiomensc.

152 3959 206 4026 32.
231 3975 344 4043 Quando
362 3975 477 4042 stercus]
495 3991 518 4026 a.
538 3973 563 4030 d.
580 3973 666 4028 XVII.
690 3975 750 4028 Kal.
769 3975 909 4030 Quintiles..
925 3974 960 4028 K.
977 3973 1053 4030 Mais.
1070 3974 1166 4029 Vende.

48 4036 186 4100 cilianus
203 4050 300 4116 p.220.
313 4046 432 4098 Lindem.
468 4108 471 4114 ι
546 4045 757 4110 stercumJFHa.
794 4055 896 4096 stercus
910 4046 961 4098 Gb.
1062 4044 1167 4112 clivom]

49 4111 136 4177 scripsi,
173 4119 270 4169 clivum
289 4118 363 4170 codd.
389 4120 491 4185 praeter
505 4115 530 4165 b.
549 4117 593 4181 qui
612 4115 711 4168 diburo.
860 4116 949 4183 Allia]
962 4116 985 4167 b.
1011 4121 1041 4168 ut
1058 4117 1168 4181 videtur,

49 4180 106 4233 sicut
123 4203 164 4254 vg.
202 4189 267 4239 allio
285 4195 345 4242 cett.
453 4187 492 4237 De
511 4185 553 4234 die
570 4183 688 4238 Alliensi
706 4187 778 4255 (XV.
793 4187 852 4241 Kal.
862 4189 985 4254 Sextiles,
999 4188 1033 4240 K.
1044 4189 1167 4241 Amitern.
1202 4248 1206 4256 1

50 4251 149 4324 Antist.)
173 4262 280 4326 ahisque
297 4260 388 4312 diebus
405 4257 534 4322 religiosis
558 4264 673 4310 veterum
697 4261 872 4312 Romanorum
898 4260 1078 4314 commentatio
1096 4264 1168 4311 extat

51 4319 112 4378 Frid.
133 4331 305 4398 Lachmaaui,
332 4331 475 4398 Gottingae
494 4332 571 4381 1822.
592 4330 696 4398 scripta.
