2874 4804
347 202 351 206 “
467 198 734 246 FRAGMENTA·

469 351 638 451 nlesn'
665 381 731 470 111.

585 527 606 568 ⁴
692 571 698 582 a

138 627 179 702 2.
217 627 407 705 Leaena.
461 626 545 702 Hoc
577 651 704 702 nomen
734 625 817 701 licet
848 636 980 701 veteres
1006 623 1174 700 Latinum

43 744 178 830 negent,
206 731 409 806 anctoritate
432 740 548 808 tomen
572 729 677 804 valet.
729 726 906 804 Dicebant
925 728 1018 803 enim
1037 727 1174 808 leonem

41 834 238 908 masculum
257 843 293 908 et
316 833 501 927 feminam,
528 842 569 906 ut
590 829 741 904 Plautus
765 833 804 904 in
826 830 1028 910 Viduhria:
1072 830 1174 904 Na'm

42 939 166 1009 audivi
184 939 373 1028 feminam
395 961 462 1030 ego
486 939 627 1008 leonem
652 936 765 1006 semel
784 937 928 1030 parire.
978 931 1104 1006 Cicero
1128 930 1173 1008 (lc

42 1033 161 1110 Gloria
184 1037 276 1113 libro
301 1037 342 1111 Η
373 1036 425 1108 sic
450 1037 522 1108 aits
563 1039 782 1136 Statuerunt
811 1061 962 1108 aeream
992 1037 1173 1108 leaenam.

38 1135 145 1210 Leam
177 1165 262 1214 vero
299 1153 447 1212 vanno
475 1135 521 1212 ad
546 1135 751 1228 Ciceronem
783 1135 874 1212 libro
905 1137 1027 1218 tertio:
1069 1139 1173 1208 Sient

40 1253 142 1317 nocet
168 1243 357 1335 panthera
389 1253 426 1312 et
453 1244 522 1314 lea.
588 1255 933 1311 PHILARGYRIUS
960 1237 1005 1310 ad
1031 1237 1174 1338 Virgilii
1262 1241 1264 1250 ⁴

37 1337 115 1414 Ecl.
140 1343 200 1478 ll,
229 1340 297 1415 65.
545 1413 555 1428 ,
600 1447 619 1487 ἡ

134 1577 177 1654 5.
217 1582 361 1681 Figor
390 1580 552 1682 ambigue
582 1581 775 1658 declinatur
799 1579 894 1685 apud
923 1592 1056 1656 veteres
1085 1589 1171 1654 tem·

36 1705 118 1778 pore
156 1681 337 1780 perfeeto3
389 1685 582 1783 reperimus
623 1687 716 1759 enim
755 1685 909 1758 fietus
946 1693 983 1757 at
1020 1682 1171 1762 fixus«

36 1781 191 1856 Scaurus
210 1783 255 1859 cle
273 1787 344 1859 vita
360 1811 445 1859 sua:
465 1789 634 1882 Sagittis,
654 1787 780 1885 inquit,
805 1787 994 1882 corfictos.
1023 1799 1180 1884 VARRO?

36 1883 77 1958 ad
101 1883 309 1960 Ciceronem
335 1889 438 1962 tertio
449 1887 582 1984 fixum.
634 1905 876 1963 DIOMEDES
900 1915 937 1988 p.
951 1883 1048 1960 575.
1064 1888 1112 1960 Ρ.

598 2070 619 2111 4

134 2196 178 2272 4.
216 2197 359 2300 [Deus
384 2225 406 2273 a
431 2191 507 2282 allos
558 2215 704 2272 VARRO
735 2198 779 2273 ad
809 2197 1013 2283 Ciceronem
1044 2198 1168 2275 tertio:

35 2303 97 2375 Ita
128 2307 383 2399 respondeant
405 2327 473 2376 cur
500 2305 630 2374 dicant
660 2305 766 2392 cleos,
797 2329 879 2374 cum
901 2302 1049 2376 omnes*
1067 2305 1172 2374 anti-

36 2427 113 2578 {319
120 2407 288 2492 dixerint
315 2408 430 2478 divos.
483 2411 676 2497 SERVIUS
710 2402 756 2476 ad
786 2402 928 2503 virgilii
957 2397 1053 2475 Aen.
1076 2401 1169 2496 XII,

455 2637 738 2658 ιι--ι-ί-ιι--α--υ-υ

133 2769 213 2843 nx
236 2708 410 2844 umars
435 2767 474 2844 Α
497 2769 698 2864 oumro
719 2769 794 2846 An
819 2769 1064 2846 nucnunr
1087 2769 1170 2844 us-

34 2869 141 2964 QUE
174 2897 263 2971 quae
296 2872 489 2973 fragmenta
522 2873 794 2971 ascriptoribus
827 2885 962 2948 servata
991 2883 1092 2966 sunt,
1127 2872 1170 2942 iis

34 2974 69 3045 in
100 2973 334 3097 Argumentis
366 3001 473 3075 supra
505 2973 682 3075 dispositis
715 2976 833 3052 locum
861 3002 964 3050 suum
995 2974 1171 3075 assignare

33 3089 149 3152 eonati
173 3103 305 3152 sumus.
1102 3131 1104 3136 -

465 3395 643 3466 arasa
683 3397 750 3466 xc
830 3423 835 3438 ·
1179 3445 1230 3492 ⁵94
1354 3360 1363 3383 “

593 3540 614 3582 ᾳ

136 3633 178 3708 5.
207 3638 323 3711 Rure
342 3636 531 3714 Terentius
553 3643 590 3712 in
607 3639 803 3738 Eunucho:
828 3643 888 3736 Ex
909 3667 989 3738 meo
1006 3645 1171 3738 propin-

35 3765 104 3832 quo
133 3765 226 3811 rure
255 3742 323 3812 hoc
352 3745 460 3837 cupio
489 3749 679 3818 commodi.
734 3744 858 3844 ltaque
887 3753 921 3816 et
949 3760 1096 3814 VARRO
1126 3741 1172 3814 ad

35 3839 245 3915 Ciceronem
269 3841 440 3942 vigesimo
466 3846 620 3921 secundo
645 3851 752 3921 Rure
776 3850 877 3940 veni,
903 3870 1006 3944 quem
1030 3845 1171 3918 Plinius

149 4058 180 4122 4.
207 4073 318 4139 omma]
337 4073 457 4127 omnibns
481 4078 572 4130 codex.
618 4076 683 4130 Cum
701 4075 826 4131 hocloco
844 4075 1029 4145 comparandus
1046 4083 1088 4130 est
1103 4079 1171 4132 alter

31 4145 102 4212 apud
122 4145 245 4200 Servium
262 4144 296 4198 ad
313 4146 415 4214 Virgilii
432 4149 497 4201 Aen.
516 4150 549 4214 V,
564 4151 607 4202 45.
643 4147 697 4199 Sat
716 4151 802 4201 Varro
819 4154 848 4200 et
865 4149 979 4202 Atreius
997 4158 1092 4202 coutnr
1109 4168 1172 4202 sen-

30 4217 125 4281 tiunt,
155 4216 271 4270 <licentes
295 4215 396 4270 clivos
412 4229 572 4289 perpetuos,
600 4219 680 4272 deos
698 4219 746 4292 qui
759 4227 872 4290 propter
888 4218 933 4273 sui
950 4219 1171 4274 consecrationem

31 4286 181 4346 rimentur,
199 4298 232 4341 ut
249 4297 314 4342 aunt
332 4287 371 4341 dii
388 4307 485 4345 roanos.
522 4292 601 4346 Atteii
619 4307 712 4346 nomen
731 4309 780 4346 non
800 4295 876 4364 plane
894 4296 993 4346 eertum
1007 4299 1056 4348 est.
1125 4309 1127 4313 ’
