2866 4812
55 75 71 108 ἱ

444 161 482 262 5·
516 173 589 245 108
614 199 665 216 -
694 175 780 242 110·
1100 119 1179 234 lon

44 347 84 424 ab
108 348 189 424 luce
214 346 370 443 illustre3
407 350 445 420 in
471 346 721 422 Tunicularia:

169 508 173 518 -
270 460 469 532 exbolds
505 475 713 558 quassant,
1119 537 1122 546 ,
1183 545 1184 550 ¹

45 560 137 634 aulas
164 586 256 660 quae
281 563 475 656 eiciuntur,
501 588 522 635 a
546 561 685 637 Graeco
709 559 817 636 ver'bo
843 557 995 658 ἐκβολή
1021 562 1177 659 dictum,

44 661 197 737 inbelle
223 664 381 736 Punico:
620 662 621 668 '
1189 683 1241 734 loa

272 777 340 838 rtec
373 770 466 838 sctis
496 791 720 860 serrare,
1341 770 1343 776 ’

46 873 86 946 ab
118 891 250 948 serare
267 876 420 973 ditatum,
458 878 571 953 idest
593 879 750 978 aperire,
792 876 874 950 hine
898 879 1001 953 ctiam
1028 903 1176 977 serae,

45 1003 110 1074 qua
134 990 270 1052 remma
292 978 385 1074 tores
409 981 623 1080 panduntur.
721 1029 727 1034 ,
988 1007 991 1014 ’

142 1120 241 1197 109.
287 1126 360 1200 Sed
386 1128 480 1225 quod
505 1154 627 1203 vereor
651 1157 695 1203 ne
719 1129 839 1226 plures
861 1130 932 1201 sint
956 1129 1083 1221 futuri,
1118 1130 1236 1226 quic-{⁸
1358 1201 1364 1212 ,

45 1223 83 1297 de
116 1225 187 1299 hoe
222 1253 349 1326 genere
372 1256 448 1323 me,
488 1231 583 1328 quod
612 1233 757 1303 nimium
786 1229 896 1302 multa
927 1231 1176 1328 rescripserim,
1189 1235 1252 1305 (0³)
1328 1275 1333 1294 .

45 1328 333 1425 reprehendant,
351 1356 456 1428 quam
488 1323 584 1429 quod
617 1333 815 1432 reliquerim
848 1328 1040 1429 quaedam,
1075 1355 1178 1403 accu-

42 1440 134 1524 sent3
171 1429 254 1504 ideo
276 1433 392 1529 potius
413 1435 482 1505 iam
507 1435 764 1530 reprimendum
787 1458 893 1530 quam
915 1430 1191 1530 procudendum

41 1541 119 1625 puto
154 1557 237 1604 esse
270 1531 446 1607 volumen.
512 1535 626 1608 Nemo
655 1535 889 1634 reprehensus
920 1535 982 1631 qui
1014 1559 1037 1606 c
1062 1543 1178 1633 segete

40 1630 78 1724 ad
109 1632 337 1732 spicilegium
369 1635 511 1734 reliquit
538 1636 715 1734 stipulam.
770 1636 891 1727 Quare
922 1635 1085 1708 institutis
1116 1661 1178 1710 sex

39 1731 155 1826 libris,
190 1733 486 1830 quemadmodum
517 1736 622 1810 rebus
651 1738 778 1810 Latina
804 1738 945 1810 uomina
971 1747 1088 1810 essent
1112 1738 1175 1810 im-

44 1836 150 1930 posita
176 1834 224 1906 ad
248 1862 352 1907 usum
376 1847 558 1934 nostrum,
592 1841 715 1936 equis
745 1849 815 1912 tres
841 1839 964 1937 scripsi
996 1837 1177 1936 Septumio

46 1938 98 2032 qui
120 1935 210 2008 mihi
229 1937 296 2009 fuit
312 1939 508 2035 Quaestor,
541 1942 605 2012 tris
624 1940 688 2013 tibi
705 1967 854 2040 quorum
875 1940 934 2012 hic
955 1949 1009 2012 est
1030 1940 1173 2034 tertius,
1262 1953 1265 1958 “

46 2039 174 2132 priores
207 2036 251 2110 de
275 2038 459 2139 disciplina
484 2040 670 2114 verborum
696 2044 863 2141 originis,
901 2043 1107 2139 posteriores
1133 2041 1233 2118 desen
1306 2085 1313 2092 -

47 2138 228 2212 verborum
253 2140 465 2241 originibus:
503 2144 541 2215 in
571 2143 642 2217 illis
670 2147 732 2243 qui
757 2155 836 2218 aute
861 2143 1037 2235 suntsin
1063 2133 1237 2241 primo*

47 2239 216 2313 volumine
238 2252 310 2334 est,
338 2269 428 2342 quac
453 2244 633 2336 dicantur,
665 2271 756 2344 quor
781 2242 1041 2344 irvpcdo‘yruoi
1063 2269 1176 2340 neque

48 2340 111 2412 ars*
142 2344 210 2437 sit,
248 2369 363 2442 neque
397 2370 439 2416 ea
471 2346 566 2417 utilis
594 2348 664 2438 sit,
708 2349 746 2435 iu
778 2345 933 2419 secundo
964 2370 1054 2441 quae
1080 2345 1172 2436 sint,

39 2455 276 2538 querebare
302 2469 342 2516 ea
373 2447 421 2518 sit
445 2457 480 2518 et
509 2448 603 2520 utilis
633 2448 698 2543 sit3
738 2449 776 2519 in
809 2446 910 2520 tertio
942 2469 1032 2543 quae
1064 2445 1176 2517 fdrma

48 2545 282 2644 etymologiae.
433 2543 524 2620 110.
566 2549 611 2620 In
640 2548 802 2622 secundis
826 2543 938 2620 trihus
961 2545 1117 2645 quos'ad
1141 2557 1175 2620 te

48 2647 138 2738 misi,
178 2649 263 2720 item
287 2650 477 2745 generatim
508 2650 686 2744 discretis,
726 2653 898 2750 primum,
915 2650 972 2739 ,in
998 2673 1068 2746 quo
1094 2660 1176 2721 sunt
1253 2724 1255 2728 .

49 2747 191 2844 origines
225 2746 414 2824 ‚verborum
448 2751 605 2825 locorum
637 2762 679 2826 et·
710 2779 830 2826 earum
863 2776 979 2824 rerum
1017 2775 1106 2849 quae
1138 2751 1175 2821 in
1325 2753 1331 2766 '

48 2841 127 2920 locis
151 2875 228 2924 esse
252 2849 390 2926 solent:
420 2851 644 2950 secundum„
663 2853 793 2954 quibus
816 2850 996 2928 vocubulis
1020 2862 1176 2950 tempora

50 3072 128 3129 Bothe
144 3077 178 3130 Ρ.
196 3078 244 3132 Sc.
262 3077 296 3130 L.
311 3078 345 3139 V,
362 3077 384 3130 Ι.
401 3095 428 3147 p.
441 3082 503 3133 143.
526 3077 561 3132 Π.
579 3097 606 3148 p.
615 3081 660 3131 28.
725 3098 727 3104 ’
795 3076 984 3150 Particularia]
1002 3077 1096 3130 Naevii
1113 3081 1177 3130 notu

50 3151 85 3196 est
100 3149 243 3202 comoedia.
280 3149 335 3202 Sed
350 3149 466 3204 Pacuvio
481 3151 573 3203 tribuit
590 3149 676 3204 Bothe
689 3148 721 3201 P.
734 3149 778 3203 Sc.
791 3149 824 3204 L.
839 3150 873 3216 V,
889 3153 914 3202 1.
932 3167 957 3218 p.
967 3153 1013 3202 28.
1125 3167 1174 3200 ex-

50 3211 125 3285 bolos]
142 3219 202 3273 tort.
221 3217 334 3276 scholae.
425 3217 528 3290 ἐκβολή]
541 3239 584 3288 vg.
620 3219 710 3272 schole
728 3221 805 3278 codd.
900 3239 949 3273 nec
966 3219 1035 3272 sctis
1054 3219 1175 3288 carrara]

50 3287 116 3342 codd.
165 3291 240 3345 Idem
269 3293 343 3345 locus
371 3308 406 3347 ex
432 3293 525 3346 Naevii
549 3294 619 3346 bello
643 3292 745 3346 Punico
764 3291 838 3362 apud
858 3292 966 3346 Festum
991 3310 1017 3361 p.
1033 3294 1094 3343 146.
1111 3293 1174 3343 252.

49 3354 157 3416 Lindum.
175 3364 214 3416 sic
232 3361 385 3417 exhibeture
411 3365 491 3434 Quod
507 3361 581 3415 bruti
597 3381 645 3416 nec
662 3363 732 3416 catis
749 3363 862 3416 sardare
880 3371 991 3434 queunt·
1035 3362 1095 3415 Duo
1113 3359 1174 3416 hinc

50 3427 197 3510 effinguntur
214 3433 360 3502 fragmenta
377 3435 404 3489 in
421 3435 514 3490 Naevii
530 3435 591 3489 bell.
608 3437 675 3490 Pon.
692 3434 734 3488 ed.
753 3433 786 3490 It.
804 3435 834 3488 S.
852 3452 879 3504 p.
887 3437 949 3486 189.

153 3543 226 3610 109.
255 3573 337 3627 quam
359 3557 433 3629 quod
455 3556 616 3630 reliquerim]
645 3559 735 3614 Aldus.
783 3573 945 3630 quamquam
963 3555 1026 3627 (qui
1043 3557 1176 3628 quaedam

51 3621 85 3690 b.)
100 3627 256 3700 reliquerint
272 3626 449 3696 (deliquerint
466 3627 543 3698 GH.)
562 3630 638 3683 codd.
776 3629 842 3696 ires]
861 3635 889 3680 et
906 3628 1000 3681 deinde
1017 3629 1175 3694 trisJ-codd.

51 3687 104 3749 Non
125 3703 236 3768 mutabit
258 3695 308 3770 hoc
332 3700 376 3768 qui
399 3701 509 3768 legerit,
535 3703 614 3756 etiam
632 3701 769 3769 Virgilium
787 3701 888 3753 duobus
904 3700 1032 3753 continuis
1050 3701 1175 3765 versibus,
1284 3713 1290 3726 ¹

52 3767 134 3823 eodem
151 3788 248 3839 genere
266 3775 294 3824 et
310 3787 389 3836 casu,
412 3774 530 3841 posuisse
555 3782 611 3826 trec
638 3777 666 3827 et
689 3771 749 3825 tris.
790 3773 824 3827 V.
843 3771 1110 3837 (sciturnomen,
1130 3776 1173 3824 11.

54 3835 107 3890 I‘n'a
130 3849 170 3896 ert
194 3844 221 3897 in
243 3842 368 3898 Varronis
389 3842 463 3896 libris
480 3845 514 3910 V,
531 3847 558 3897 1.
592 3843 647 3910 VI,
664 3847 708 3896 97.
737 3841 885 3908 VII,110.
917 3842 997 3909 VIII,
1013 3845 1058 3895 24.
1086 3841 1128 3908 X,
1146 3847 1174 3898 ⁶.

53 3909 120 3975 quor]
138 3915 247 3983 scripsi·
283 3931 355 3986 quur
372 3913 407 3967 G.
443 3932 492 3967 cur
509 3921 571 3968 cett.
604 3915 637 3968 cs.
656 3929 714 3967 ann.
732 3913 766 3966 ad
783 3915 817 3981 V,
834 3918 861 3969 2.
1018 3913 1088 3979 ard]
1105 3917 1193 3982 coni„

54 3973 207 4048 scengelius.
250 4001 286 4038 an
304 3983 379 4038 codd.
523 3986 602 4058 quor]
622 4003 692 4058 quur
708 3984 786 4039 eila.
824 4003 872 4038 cor
889 3989 951 4038 cett.
1085 3983 1174 4050 utilis]

54 4041 187 4110 Turnebus.
221 4053 279 4109 illic
295 4055 371 4110 codd.
425 4097 428 4104 .

111 4191 113 4196 ·
153 4165 225 4232 ’110.
254 4179 402 4247 verborum]
422 4193 471 4232 orn.
484 4145 517 4232 V.
535 4181 615 4244 etb.‚
634 4179 674 4234 hic
692 4183 775 4250 plura.
886 4177 1003 4250 parteis]
1018 4179 1049 4234 1².
1083 4176 1175 4248 partic

55 4241 96 4295 Gt·
127 4260 220 4318 portes
236 4252 289 4307 tib.
319 4251 351 4306 cl.
371 4268 430 4306 aun.
445 4251 478 4304 ad
498 4252 529 4316 V,
547 4255 610 4322 45.-
