2866 4812
248 240 330 317 196
622 265 748 312 arnna
785 263 988 310 oculeus.
1078 337 1085 344 ι

248 441 324 504 tum
356 429 519 522 nomina,
552 425 616 526 qui
640 451 702 500 eoa
734 423 933 516 liberarint,
970 421 1159 498 succedere
1192 423 1381 520 coeperint.
1419 425 1420 514 ζ

249 531 319 606 bt.
347 531 446 606 Hinc
464 549 605 628 quoquc
625 527 686 600 illu
711 528 851 600 nomina
875 527 1006 619 Lesas,
1034 525 1190 616 Uienna,
1218 524 1382 614 Carinas,
1419 545 1420 620 ᾗ

250 633 461 710 Maecenas:
500 655 591 730 quac
622 651 704 702 cnm
733 639 848 702 essent
881 625 926 724 ab
952 628 1052 720 ioco,
1087 638 1128 699 ut
1150 625 1305 699 Urbinas
1334 625 1385 727 (et
1419 681 1420 726 3

250 750 365 808 tumen
390 731 582 830 Urbinas),
617 730 662 805 ab
692 729 750 803 his
786 729 969 803 debuerint
1001 729 1071 802 dici
1103 728 1149 800 ad
1182 739 1383 802 nostrorum

247 839 429 910 nominum
455 831 718 908 similitudinem
740 883 899 903 .....
1419 849 1420 900 l

361 961 437 1032 Hic
466 959 628 1056 spatium
660 953 756 1026 IIII
777 956 994 1028 chartarum
1026 931 1197 1034 ‚relictum
1230 969 1318 1026 erat
1348 957 1384 1025 ia

701 1059 916 1154 exemplari.
1040 1069 1043 1074 ’
1419 1097 1420 1146 l

248 1245 279 1299 P.
292 1246 327 1298 ll.
347 1232 457 1298 habeam
476 1250 560 1299 erunt.
594 1243 688 1312 Neque
699 1243 850 1298 mirabimur
863 1241 939 1297 buius
953 1243 1278 1300 nominisltomanensiom
1290 1245 1384 1297 rarita-
1419 1263 1420 1322 l

248 1325 311 1383 tem,
326 1324 498 1386 campester,
515 1319 634 1373 Varrone
651 1316 710 1384 ipso
727 1321 804 1380 teste,
822 1317 932 1385 publicis
950 1317 1046 1382 serris,
1064 1319 1108 1384 qui
1127 1317 1383 1378 manumittebantur,
1419 1323 1420 1388 l

167 1410 172 1415 ·
246 1388 428 1455 magistratus,
450 1405 468 1440 a
485 1403 538 1455 qno
552 1387 743 1451 liberabantur,
762 1403 855 1439 nomen
874 1389 969 1455 imponi
988 1389 1092 1442 soleret
1127 1389 1270 1453 Pithoeus,
1286 1388 1335 1454 qui
1352 1389 1382 1439 ud
1419 1395 1420 1446 l

183 1485 186 1496 ι
247 1459 439 1527 CollatLegg.
453 1460 562 1516 Mosaic.
582 1465 610 1512 ct
625 1459 737 1512 Mmsn.
756 1459 795 1510 tit.
808 1460 839 1514 V.
858 1461 883 1524 §-
896 1463 922 1510 2.
940 1460 1026 1512 locum
1044 1461 1082 1512 sic
1099 1461 1223 1528 corrigite
1246 1467 1280 1510 ut
1298 1460 1383 1510 nomi·
1419 1449 1420 1530 i

248 1540 353 1580 uantur
370 1529 490 1583 libertini
507 1549 525 1581 α
543 1527 645 1580 libertis
663 1528 730 1594 orti,
751 1539 778 1578 et
790 1542 810 1578 ‘e
824 1528 942 1598 publicis
959 1531 1044 1582 servia
1060 1534 1093 1582 P.
1109 1534 1143 1585 R.
1162 1531 1210 1603 qui
1227 1529 1385 1582 mnumissi
1419 1539 1420 1588 l

248 1595 396 1670 antequam
413 1600 463 1652 sub
481 1601 692 1674 magistratuum
710 1600 813 1652 nomine
837 1601 885 1670 qui
902 1619 947 1652 ecs
964 1599 1276 1653 liberarant'succedere
1294 1619 1383 1670 coepe·
1419 1591 1420 1648 Ῐ

247 1681 328 1728 runt,
353 1673 387 1724 ad
405 1688 524 1738 causam,
548 1687 595 1725 cur
611 1671 676 1725 baec
694 1670 719 1724 h.
734 1672 753 1724 i.
770 1688 788 1723 a
805 1674 934 1740 scriptore
951 1674 1106 1739 alterantur,
1131 1689 1222 1742 param
1240 1673 1382 1726 attendisse

248 1741 360 1794 videtur.
398 1743 553 1808 Cramerus,
578 1745 621 1794 cui
638 1742 702 1794 haec
720 1749 828 1810 accepta
845 1743 945 1808 resera,
971 1744 1005 1797 a‘d
1022 1745 1137 1806 Gellium
1154 1744 1221 1798 Exc.
1237 1746 1284 1798 lv.
1303 1749 1382 1812 P·⁷¹·

247 1809 298 1862 sub
316 1811 496 1882 magistratus
513 1812 616 1864 nomine
632 1818 664 1863 ut
682 1814 810 1864 scribatur
828 1816 952 1881 postulat.
998 1817 1002 1824 ’
1102 1815 1307 1886 magistratum]
1328 1831 1382 1869 cum

248 1883 524 1952 Scioppicccrrig'cre
542 1884 716 1938 necessarium
732 1884 876 1939 videbatur.
920 1883 1102 1956 magistratus
1119 1885 1196 1940 codd.
1419 1895 1420 1952 l

265 2011 270 2019 '
300 2009 314 2041 ἱ
358 1993 413 2060 84.
437 2009 534 2074 Lessa]
553 2011 661 2060 Laenas
679 2007 840 2074 Augustinus
857 2007 882 2060 iu
900 1989 1008 2074 mara,
1022 2023 1074 2062 uon
1092 2011 1177 2064 male:
1204 2011 1382 2082 praestabilius

246 2085 335 2134 umen
352 2083 452 2145 visum,
476 2081 563 2134 omnia
580 2079 645 2134 llaec
662 2082 766 2135 uomina
784 2079 893 2132 reddere
906 2095 946 2134 cx
963 2079 1039 2134 codd.
1057 2082 1178 2136 lectione.
1291 2093 1323 2134 et
1340 2095 1381 2134 ra-
1419 2097 1420 2122 t

247 2169 306 2202 men
327 2150 455 2217 Urbinas]
466 2152 497 2204 F.
516 2161 544 2201 et
557 2167 608 2204 om.
622 2152 700 2204 GHa.
725 2157 753 2203 et
769 2151 797 2203 in
810 2167 835 2204 a.
852 2156 892 2203 est
910 2160 975 2204 tam.
1011 2152 1123 2206 Omnino
1141 2161 1187 2208 unt
1203 2155 1380 2210 scribendum:
1419 2153 1420 2224 l

247 2221 278 2270 icl
294 2231 385 2273 tamen
402 2223 485 2273 etiam
506 2220 637 2289 Urbinas,
661 2228 707 2274 aut
723 2238 756 2274 es
773 2237 813 2275 vv.
830 2223 1009 2291 interpolatori
1028 2223 1172 2280 tribuenda.
1286 2225 1380 2278 simili-
1419 2225 1420 2248 *

247 2291 379 2360 tranem]
395 2309 446 2349 orn.
455 2294 529 2348 sca.
547 2301 575 2346 et
587 2294 770 2347 Ambrosianus
782 2293 875 2348 codex.

320 2407 377 2460 Hic
390 2409 526 2477 spatium.
534 2448 541 2463 .
550 2449 572 2464 ..
583 2409 739 2480 exemplari]
758 2410 833 2464 Haec
846 2413 969 2480 legantur
984 2413 1013 2465 in
1028 2429 1053 2467 a.
1068 2418 1095 2466 et
1104 2413 1273 2470 Ambrosiano
1284 2417 1379 2473 codice.

235 2480 314 2534 item
329 2481 483 2535 Mutinensis
502 2483 582 2535 liber:
601 2483 656 2532 Hic
673 2481 702 2534 in
719 2483 865 2550 exemplari
880 2493 960 2534 erant
977 2493 1096 2555 quatuor
1113 2496 1188 2538 carte
1205 2505 1257 2540 non
1274 2490 1380 2558 scripte.
1419 2503 1420 2570 l

247 2551 278 2606 In
296 2551 343 2618 R,
360 2553 478 2606 victorio
496 2559 577 2619 teste,
594 2553 685 2608 folium
699 2555 816 2608 rellatum
830 2560 872 2608 est
886 2570 1012 2623 racuum3
1037 2571 1148 2623 quocum
1166 2561 1295 2614 consentit
1307 2563 1380 2616 Vati·

249 2637 329 2675 canus
347 2641 389 2674 mr
414 2623 471 2674 Hic
497 2624 589 2692 deficit
614 2642 671 2676 una
688 2633 775 2688 carta.
811 2625 867 2679 Sed
885 2627 963 2681 etiam
981 2633 1091 2697 quatuor
1107 2629 1152 2682 illu
1163 2630 1231 2685 liclia
1246 2633 1291 2685 vix
1309 2633 1380 2686 suffi-

249 2695 322 2746 ciunt
339 2693 431 2762 copiae
449 2701 674 2761 argumentorum,
703 2696 813 2762 quaein
831 2695 879 2751 hac
897 2697 955 2749 libri
972 2703 1046 2767 parte
1071 2702 1204 2756 tractanda
1222 2711 1380 2772 supereraut

128 2739 132 2748 ⁸
172 2811 179 2826 ,
248 2761 284 2816 ‹lc
302 2779 353 2830 qua
376 2763 475 2818 dictum
497 2766 531 2818 ad
549 2768 734 2834 Argumentum
758 2767 825 2820 libri.
872 2767 948 2826 Unde
966 2763 1026 2822 'reri
1049 2769 1132 2828 simila
1157 2773 1253 2842 rhum,
1278 2784 1379 2844 practer

140 2881 143 2888 ,
233 2889 235 2894 ,
250 2839 362 2903 quatuor
378 2835 423 2890 illa
439 2835 502 2925 lolia
519 2843 602 2894 toturn
620 2837 813 2907 quaternionem
831 2836 856 2904 b.
872 2839 889 2894 l.
908 2839 1044 2910 excidisse,
