2866 4812
272 193 357 272 22⁰
535 229 538 236 ²
609 256 611 265 .
687 221 808 268 arasa
830 193 991 268 'nonus

213 385 470 460 145nominatus
489 382 619 458 babent
636 395 771 474 rectos,
797 379 938 479 quidam
958 380 1146 478 obliquos:
1172 377 1268 478 quod
1285 377 1379 452 dicunt

211 498 437 584 Quumque
462 487 499 558 ia
525 484 669 559 vocibus
692 492 867 582 oportere.
921 481 1062 576 Quibus
1085 482 1183 554 idern
1208 481 1378 579 responderi

271 599 407 687 potest,
438 589 476 660 in
500 586 628 684 quibus
653 612 739 661 usus
765 595 825 658 aut
849 597 973 660 natura
997 609 1069 660 non
1093 583 1230 677 subsit,
1264 581 1309 655 ibi
1328 611 1379 657 non

271 717 346 764 esse
371 689 588 789 analogiam
616 741 626 760 .
651 741 661 760 .
687 742 698 761 .

609 821 629 860 ἡ
830 819 851 860 ᾗ
1043 821 1063 860 ἡ

273 915 323 990 71
329 970 488 991 .....
515 917 578 992 sed
608 940 674 990 nec
704 918 741 987 in
774 915 955 990 vocabulis
988 943 1077 1016 qnae
1103 917 1332 1005 declinantur,
1358 917 1378 984 si

272 1031 452 1093 transeunt
476 1044 495 1092 e
518 1031 614 1094 recto
641 1044 725 1118 casu
755 1022 792 1090 in
822 1031 956 1094 rectum
990 1046 1133 1112 casum,
1174 1043 1262 1116 quae
1291 1028 1378 1087 tanen

271 1121 344 1194 fere
367 1147 440 1194 non
469 1121 651 1200 discedunt
676 1120 720 1192 ab
745 1124 877 1196 ratione
900 1125 976 1194 sine
1000 1124 1091 1194 iusta
1118 1146 1248 1212 eausa,
1282 1128 1317 1188 ut
1341 1115 1376 1206 bi,

271 1224 333 1320 qui
364 1222 570 1322 gladiatores
604 1225 840 1319 Faustini,
877 1249 956 1295 nam
983 1224 1079 1321 qnod
1103 1222 1262 1323 plerique
1284 1219 1378 1290 dicun·

270 1335 341 1416 tur,
369 1335 407 1396 ut
427 1327 488 1397 tris
509 1327 678 1398 extremas
701 1323 853 1422 syllabas
876 1324 1026 1398 habeant
1050 1325 1206 1416 easdem,
1234 1317 1377 1395 Cascel-

271 1425 400 1517 liani,
428 1423 682 1525 Aquiliani,
710 1427 978 1519 Caeciliani,
1002 1421 1291 1516 animadvertant,
1310 1418 1378 1491 unde

271 1529 442 1618 oriuntur,
471 1531 611 1602 nomina
637 1528 817 1602 dissimilia
840 1527 1046 1620 Cascellius,
1074 1527 1265 1618 Caecilius,
1289 1520 1377 1618 nqui-

270 1629 360 1720 lius,
381 1628 582 1724 *Faustus3
613 1630 709 1728 quod
734 1633 764 1702 si
790 1633 896 1704 esset*
923 1632 1113 1723 Faustins,
1141 1641 1235 1702 recte
1256 1625 1377 1697 dicerent

272 1730 503 1824 Faustianos,
528 1734 579 1803 sic
605 1759 626 1803 a
649 1732 815 1828 Scipione
839 1732 981 1829 quidam
1006 1732 1098 1804 male
1125 1732 1246 1804 dicunt
1268 1724 1375 1820 Scipio·

216 1832 397 1928 caninos,
440 1857 522 1902 nam
547 1843 602 1904 est
626 1831 966 1928 Scipionarios.
1020 1832 1094 1906 Sed
1122 1831 1276 1922 utdixi,
1306 1821 1376 1922 qnod

272 1930 317 2004 ab
351 1932 592 2007 huiuscemodi
622 1932 886 2032 cognominibus
915 1960 995 2010 raro
1026 1935 1246 2007 declinantur
1275 1950 1375 2022 coguo-

236 2127 239 2133 .
272 2036 385 2128 mina,
412 2061 527 2136 neque
547 2039 585 2108 in
609 2063 712 2108 usum
734 2038 837 2108 etiam
861 2034 1050 2135 perducta,
1079 2047 1204 2109 natant
1224 2028 1373 2132 quaedam·

611 2179 632 2220 s
772 2176 885 2230 ¹s,
1040 2176 1060 2217 s

210 2301 266 2378 45
380 2281 447 2356 72.
488 2285 578 2358 Item
602 2285 745 2380 dicunt,
781 2293 861 2358 cum
887 2285 932 2357 sit
953 2284 1065 2357 simile
1086 2284 1236 2373 stultus,
1268 2280 1373 2364 luscus,

276 2399 311 2458 et
336 2386 474 2460 dicatur
499 2387 692 2482 stultus,
730 2387 946 2478 stultior,
982 2385 1302 2472 stultissimus,
1326 2402 1400 2472 norff

274 2489 344 2562 dioi
378 2489 520 2582 luscus,
557 2488 709 2582 luscior,
748 2490 991 2580 luscissimus,
1030 2489 1081 2559 sic
1113 2489 1152 2558 in
1184 2485 1250 2558 boc
1279 2501 1375 2582 genere

196 2591 394 2677 (usmaita.
447 2588 511 2664 Ad
537 2615 627 2688 qnae
652 2591 750 2684 dico,
785 2590 864 2664 ideo
894 2588 990 2680 fieri,
1033 2588 1130 2684 quod
1157 2599 1276 2660 natura
1298 2601 1375 2654 neno

273 2692 372 2766 lusco
397 2695 510 2793 magis
536 2693 581 2766 sit
604 2692 747 2787 luscus,
783 2717 863 2764 cum
889 2689 1028 2762 stsdtior
1049 2688 1128 2762 ficri
1151 2688 1311 2762 videatm.

209 2817 267 2894 44
378 2818 446 2892 75.
475 2820 583 2913 Quod
606 2832 743 2920 rogant,
772 2845 862 2918 quor
886 2847 956 2894 non
982 2819 1140 2892 dicamus
1164 2840 1299 2903 mane,
1322 2831 1374 2879 ma·

273 2925 367 3018 nius,
391 2924 602 3020 manissime,
625 2926 707 2996 item
729 2922 772 2998 de
786 2925 939 3022 vesperi:
965 2924 1177 3021 intempore
1196 2943 1272 2992 vere
1290 2909 1375 3006 mgb

275 3135 319 3202 qni
336 3137 453 3202 sequitur
469 3138 502 3190 de
519 3138 649 3192 Faustinis
667 3127 695 3191 et
709 3137 874 3190 Cascelliauis
892 3152 943 3190 non
962 3153 995 3189 ex
1014 3135 1062 3189 bac
1080 3135 1112 3189 de
1128 3131 1291 3186 declinatione
1304 3114 1375 3175 casuali

275 3207 448 3275 disputatione
465 3225 618 3276 superesse,
643 3205 689 3262 sed
707 3210 824 3277 fragmen
841 3225 900 3261 esse
917 3210 1022 3273 ruinae,
1040 3225 1090 3274 qua
1109 3222 1187 3274 supra
1204 3204 1267 3255 iuter
1281 3195 1345 3262 §48-
1356 3189 1374 3236 tl

274 3283 318 3330 49.
340 3285 519 3344 argumentum
534 3281 567 3333 de
580 3280 749 3350 declinatione
767 3281 913 3333 nominandi
929 3280 984 3334 tere
1002 3285 1084 3332 totum
1098 3278 1173 3330 nobis
1190 3273 1332 3326 subtractum
1342 3263 1373 3310 etl·

275 3351 441 3420 Hacpropter
455 3350 522 3405 buno
540 3354 626 3406 locum
643 3353 721 3404 etiam
738 3369 755 3404 a
773 3359 898 3418 sequente
919 3353 1025 3404 lacunae
1042 3351 1123 3418 signis
1140 3344 1255 3400 disiunxi.

388 3451 441 3516 71·
470 3467 527 3534 nec]
546 3469 612 3520 coni·
628 3468 727 3535 scripsi.
763 3485 796 3518 ne
815 3467 890 3521 codd,
1003 3465 1171 3538 gladiatores
1188 3449 1316 3514 Faustini]
1327 3441 1373 3498 wll·

275 3535 443 3604 gladiatores
461 3539 608 3592 Faustinos
622 3539 696 3592 codd.
732 3538 899 3610 gladiatores
918 3537 1011 3588 dicum
1029 3535 1177 3589 Faustinos
1188 3548 1230 3598 vg.
1296 3525 1373 3592 ΟΨ·

276 3607 356 3673 liam]
373 3609 404 3662 F.
449 3610 594 3661 casceliani
610 3611 662 3666 Ha.
705 3608 858 3660 castelliani
874 3612 908 3663 G,
949 3611 1046 3664 Postea
1065 3605 1197 3660 casselin,
1213 3602 1243 3654 F,
1284 3583 1373 3644 ecatus

277 3679 312 3731 G.
355 3679 499 3731 Caesellius
523 3681 558 3734 Η.
602 3680 734 3733 Oasellius
758 3697 781 3733 a.
827 3681 929 3734 Nomen
956 3680 1098 3734 Cascellius
1125 3681 1151 3730 in
1175 3669 1294 3749 lapidibus
1315 3655 1373 3711 emb

279 3749 435 3818 Caeciliam]
453 3751 557 3806 additur
575 3769 618 3819 vg.
648 3771 698 3806 om.
717 3753 806 3817 codd,
835 3753 896 3806 nisi.
909 3753 977 3805 torte
1002 3751 1080 3804 habet
1103 3768 1126 3803 a.
1162 3749 1268 3800 Duorum
1283 3733 1306 3786 ¹d
1322 3731 1373 3820 ⁶⁵¹⁰,

277 3823 451 3888 'equessllbm
534 3823 766 3890 animadvertant]
783 3840 825 3890 vg.
862 3821 1081 3874 animadvertunt
1098 3819 1172 3874 codd,
1255 3806 1371 3858 'Fautm’

278 3893 351 3962 qbod
371 3894 396 3944 st
412 3894 506 3960 essm]
524 3897 590 3948 coni.
609 3895 704 3948 addidi.
746 3895 882 3948 Excidisse
900 3911 932 3946 ea
949 3894 1042 3961 verba,
1067 3900 1125 3962 post
1141 3896 1181 3942 tot
1198 3878 1305 3947 exempta
1319 3875 1373 3921 nent

279 3964 420 4017 mirabitur.
456 3965 664 4019 Faustiinomen
686 3967 856 4030 rarissimum,
881 3981 1024 4032 cognomen
1043 3965 1153 4018 Faustus
1172 3958 1233 4012 satis
1248 3954 1324 4004 nomm
1338 3949 1370 3986 θ’

261 4037 389 4102 ι’π’ωνπ]
404 4037 454 4089 Fa
504 4046 600 4088 notant
621 4040 682 4091 sn.
727 4038 1008 4102 siscianensis,
1034 4041 1094 4099 1s.;
1120 4039 1147 4086 et
1169 4031 1236 4082 aem
1251 4017 1335 4102 „arsa
1348 4013 1371 4053 ⁰¹

279 4105 337 4156 Μ·
351 4107 460 4226 (ἰῑθδδν.
475 4109 633 4164 reddendum
648 4111 766 4166 Ciceroni
785 4110 817 4163 de
833 4109 865 4164 N.
881 4108 912 4161 D.
926 4109 948 4174 l,
965 4113 1024 4174 4³„
1046 4119 1188 4176 quanquam
1204 4099 1235 4152 ab
1252 4075 1371 4148 uersauit

279 4177 361 4246 tmpro
380 4183 458 4230 atum,
786 4199 787 4202 =
1137 4177 1141 4189 ·

328 4321 331 4326 .
391 4266 444 4332 72.
473 4283 577 4364 ateana]
596 4285 673 4350 vm,
691 4291 735 4338 aa.
