2864 4814
254 269 334 346 100
664 293 785 338 arara
821 289 990 338 srxrus.

255 485 335 530 narn
367 456 403 530 id
437 455 529 527 valet
561 479 581 524 a
617 429 804 526 voluntate.
864 453 986 551 ltaque
1002 440 1171 550 ¹Lucilius
1199 441 1324 520 scribit
1348 446 1386 518 de

255 560 379 634 Greisa
393 586 401 628 :

383 651 386 661 ¹
589 645 671 729 crint
700 660 755 729 ad
777 682 816 727 se
845 653 1005 728 cubitum
1027 655 1169 728 venerit
1177 707 1189 738 ,
1280 638 1285 648 ’

197 771 247 838 25}
325 797 327 814 ·
371 763 529 858 *Sponte
561 763 680 854 ipsam
719 771 850 858 supple
884 760 1110 848 adductam,
1150 768 1190 825 ut
1222 755 1386 824 tunicam

112 879 115 884 '
212 857 248 902 7⁰
436 878 471 933 et
503 858 627 933 cetero
655 863 820 931 reiceret.

254 989 413 1064 Eandem
447 957 657 1064 voltintatem
683 990 871 1062 Terentius
895 987 1068 1088 signifieat
1099 1013 1180 1059 cum
1205 987 1254 1058 ait
1282 985 1387 1057 satius

254 1117 349 1166 esse:

368 1197 446 1266 Suo
476 1209 605 1290 sponte
634 1207 733 1263 recte
760 1195 899 1286 facere
924 1216 1035 1286 qrtum
1061 1193 1183 1262 nlierzo
1215 1204 1328 1284 mette.

254 1319 316 1394 Ab
342 1322 461 1395 eadem
487 1333 609 1420 sponte
634 1324 686 1414 †a
708 1345 776 1415 qua
801 1320 931 1391 dictum
950 1318 1152 1416 spondei-el·
1178 1316 1386 1389 declinatum

253 1424 445 1519 spondet
469 1434 504 1496 et
528 1421 774 1520 respondet
799 1433 833 1494 et
861 1421 1114 1516 despenser
1137 1431 1172 1492 et
1196 1444 1383 1517 sponsa,

141 1549 146 1554 ·
254 1526 336 1596 item
358 1527 408 1598 sic
434 1525 513 1597 alia.
568 1523 773 1621 Spondet
793 1525 884 1596 enim
910 1523 970 1619 qui
995 1519 1079 1593 dicit
1104 1547 1125 1592 a
1152 1545 1214 1594 sua
1237 1529 1381 1617 sponte:
1424 1567 1425 1626 ἦ

69 1703 71 1712 .
256 1625 423 1721 spondeo.
492 1626 650 1723 Spondet
684 1627 784 1698 etiam
811 1645 1023 1721 'sponsor
1056 1625 1116 1720 qui
1154 1621 1245 1695 idem
1283 1620 1385 1692 faeiat
1423 1703 1425 1710 .

196 1725 440 1824 cjgohligatur.
661 1723 728 1797 70.
770 1725 1000 1822 Sponsus,
1037 1749 1276 1822 consponsus3
1321 1720 1383 1793 hoc
1423 1767 1425 1826 4

83 1821 86 1828 “
254 1828 409 1900 Naevius
442 1825 615 1926 significat
647 1853 728 1899 cum
759 1829 826 1898 ait:
868 1832 1073 1923 consponsi.
1140 1821 1383 1923 spondebatur
1423 1829 1425 1918 l

253 1930 401 2024 pecunia
422 1940 483 2000 aut
503 1928 574 2000 lilia
598 1930 796 2027 nuptiarum
817 1953 953 2020 eausa,
975 1929 1099 2020 *nam,
1125 1938 1164 1999 nt
1191 1929 1228 1998 in
1250 1950 1384 1999 comos·¹
1424 1921 1425 1980 l

255 2029 320 2102 diis
345 2029 441 2104 vides
467 2030 555 2102 diei:
983 2119 986 2128 ⁸
1078 2061 1081 2070 ·

369 2142 555 2234 Sponden'
589 2155 690 2212 tunm
716 2153 873 2234 gnatam
894 2139 980 2232 silio
1008 2163 1161 2212 uxorem
1192 2136 1326 2209 meoP'

255 2255 510 2357 Appellabatur
530 2270 564 2331 et
584 2259 743 2356 pecunia,
765 2270 799 2330 et
813 2283 901 2356 quae
915 2257 1084 2355 desponsa
1098 2267 1184 2351 erat,
1205 2281 1380 2354 sponsa3

257 2385 346 2458 quae
370 2362 516 2460 pecunia
540 2363 686 2472 intense
706 2371 825 2434 eontra
850 2385 1016 2462 sponsum
1039 2370 1160 2459 rogata
1180 2370 1266 2452 erat,
1296 2358 1383 2432 dicta

258 2592 392 2659 Spondere
408 2604 449 2644 est
467 2592 558 2648 dicere.
585 2593 703 2663 Spondeo
716 2625 766 2648 ..ι
923 2589 1008 2658 calet]
1026 2599 1069 2646 et,
1087 2590 1157 2658 quod
1175 2606 1217 2656 vg.
1242 2598 1304 2659 post
1321 2590 1344 2643 h.
1361 2606 1380 2640 v.

257 2663 368 2720 additur,
387 2665 462 2716 omisi
479 2681 536 2717 eum
555 2682 595 2729 a.;
618 2663 716 2716 habent
734 2671 819 2717 tamen
836 2663 862 2715 id
881 2670 943 2716 cett.
962 2678 1057 2713 ornnes.
1172 2663 1277 2728 cretea]
1294 2670 1382 2732 gretea

257 2734 304 2786 Fa.
339 2744 453 2804 grooten
471 2737 507 2798 G,
541 2735 635 2788 Lucilii
653 2736 725 2788 loeus
743 2742 783 2788 ert
799 2751 841 2802 ap.
860 2734 951 2786 Fratre.
970 2734 1083 2784 Deusam
1100 2734 1168 2786 inter
1184 2733 1287 2784 tricenta
1305 2750 1330 2784 n.
1343 2736 1381 2783 26.

256 2803 374 2871 *sponteJ
397 2822 451 2856 suo
474 2805 629 2870 volontate,
662 2805 732 2874 quod
756 2805 831 2858 codd.
856 2811 916 2856 ante
941 2803 964 2855 lt.
982 2820 1007 2856 v.
1025 2805 1135 2868 addunt,
1166 2805 1241 2856 omni
1265 2813 1380 2871 tanquan

220 2931 224 2942 ¹
258 2877 403 2941 glossema,
420 2883 528 2931 auctore
543 2878 695 2943 scaligero,
714 2877 846 2945 Scioppio.
878 2875 918 2928 Cf.
934 2877 1058 2944 Spengel.
1076 2894 1100 2943 p.
1112 2875 1183 2928 XLl.
1218 2875 1249 2926 lu
1262 2876 1297 2927 G.
1315 2878 1381 2928 deest

256 2955 359 3014 spontet
463 2949 614 3016 Terentius]
632 2946 870 3016 Adelph.1,1‚5o.
977 2946 1022 3013 †a
1039 2963 1094 3018 qua
1109 2946 1210 2996 dictum
1223 2945 1381 3014 spondercfl

257 3017 391 3070 insititiam
408 3016 527 3084 arbitror,
545 3019 742 3089 eumScioppio.
813 3011 936 3088 spondet]
949 3033 992 3083 vg.
1019 3016 1126 3086 spondit
1139 3017 1213 3070 codd
1302 3020 1382 3086 Spon

257 3087 303 3138 det
316 3089 410 3154 etiam]
427 3106 471 3156 vg.
505 3091 613 3160 spondit
630 3100 672 3142 est
690 3089 765 3143 codd.
887 3089 933 3159 qai
950 3087 1029 3156 idern]
1041 3090 1075 3142 G.
1112 3087 1217 3159 quidem
1234 3093 1298 3142 cett.
1313 3087 1381 3142 codd.

258 3157 305 3228 qui
323 3157 393 3208 idem
410 3169 443 3209 ut
460 3177 502 3227 vg.
548 3162 595 3232 qui
613 3161 676 3214 dum
693 3161 848 3231 Scioppius,
867 3160 1031 3228 Spengelius.
1074 3162 1129 3212 Pro
1147 3176 1178 3210 ec
1195 3177 1315 3233 queque,
1342 3157 1383 3231 qui

254 3227 406 3297 promittit,
424 3229 510 3280 solent
527 3233 578 3282 clii
595 3231 726 3304 obligari:
753 3250 865 3304 quorum
882 3230 949 3281 alios
966 3248 1120 3298 sponsores,
1137 3229 1205 3282 alios
1216 3229 1383 3299 fideprcmis-

257 3316 345 3365 sores,
369 3297 437 3351 alios
454 3299 628 3368 fideiussores
651 3301 1077 3372 appellamus.Gaius1nst.III,
1104 3305 1164 3356 116.
1201 3303 1321 3372 Sponsus
1348 3301 1382 3352 ito

215 3407 221 3418 .
245 3368 459 3442 .interregatur:
488 3373 604 3424 “Idem
623 3373 683 3424 dari
700 3369 855 3444 spondes?”
879 3372 913 3426 ib.
934 3377 994 3428 116.

283 3515 287 3524 ·
368 3475 420 3540 70.
445 3485 577 3557 Sponsus.
595 3489 766 3558 consponsae]
785 3488 839 3558 Qui
853 3489 1030 3560 spoponderat
1047 3489 1206 3550 ducturum,
1222 3507 1338 3558 sponsus
1356 3465 1383 3542 ex

254 3560 408 3616 definitione
424 3562 508 3614 Servii
531 3560 640 3629 Sulpicii
664 3575 704 3627 ap.
724 3561 898 3626 Gellinle,
914 3563 940 3613 4.
981 3561 1059 3614 Hunc
1082 3561 1190 3614 eundem
1215 3578 1384 3632 consponsrn

261 3632 324 3684 dicit
339 3635 430 3686 Varro.
486 3634 629 3702 Conspe-sos
654 3630 763 3702 antiqui
788 3629 909 3682 dicebant
927 3630 986 3699 fide
1010 3642 1107 3683 mutua
1129 3631 1278 3702 colligatos·
1296 3634 1385 3686 Festus

261 3721 287 3770 p.
298 3707 341 3756 ³2
358 3704 476 3757 Lindem.
639 3685 773 3770 doctus]
790 3699 875 3755 Bothe
892 3704 923 3756 P.
943 3704 986 3772 Se.
1004 3702 1037 3755 L.
1055 3703 1088 3768 V,
1105 3707 1131 3756 2.
1150 3722 1176 3773 p.
1187 3707 1230 3756 26.
1267 3703 1383 3756 Eundem
1419 3759 1420 3762 ,

261 3775 347 3828 locum
363 3777 435 3841 tangi
452 3779 544 3842 putant
560 3773 625 3827 infra
638 3773 697 3838 Vll,
709 3777 770 3826 107.
883 3769 958 3823 *nam
971 3782 1003 3824 ut
1017 3774 1046 3825 in
1061 3773 1197 3828 comoediis
1279 3774 1384 3838 meo?*]
1419 3781 1420 3836 l

261 3845 313 3898 Hic
331 3847 403 3898 locus
419 3861 562 3911 quanquam
579 3847 606 3897 in
623 3845 740 3898 omnibns
754 3842 872 3897 lectionis
890 3844 1001 3896 lontibus
1020 3845 1085 3897 infra
1102 3847 1126 3911 §.
1140 3849 1183 3899 71.
1208 3852 1268 3916 post
1286 3845 1384 3916 alliga-

180 3973 182 3993 1
263 3925 325 3974 tue,
349 3932 401 3984 qno
417 3917 476 3968 loco
494 3917 644 3969 asteriscum
666 3923 785 3982 tanquam
803 3916 897 3968 ulceris
914 3917 996 3970 excisi
1012 3917 1173 3970 eireatrieem
1190 3917 1297 3984 reliqui,
1323 3917 1384 3983 legi-

261 3993 317 4038 tur:
345 3994 431 4040 tamen
448 3988 548 4040 nonnisi
572 3985 770 4056 hoclsuperiore
787 3988 845 4040 loco
864 3987 998 4040 commode
1016 3989 1136 4041 collocari
1155 3993 1264 4055 poterat.
1308 3987 1383 4056 quue

192 4117 195 4124 Ι
261 4057 312 4110 ieci
329 4065 434 4111 auctore
452 4052 699 4110 Guilelmo'Th.
714 4059 833 4110 Kraut.
869 4059 910 4112 De
926 4075 1003 4112 causa
1021 4059 1120 4112 confusi
1139 4058 1215 4114 huius
1233 4060 1383 4129 disputatio·
1418 4115 1419 4118 Ἴ

262 4130 302 4182 nie
318 4130 415 4182 ordinis
433 4129 529 4181 dictum
547 4137 590 4200 est
604 4130 631 4182 in
647 4121 820 4183 Praelatione.
974 4129 1177 4199 Sponden’lvg.
1220 4132 1334 4200 spondeo
1353 4131 1380 4184 G.
1418 4131 1419 4140 ’

261 4199 360 4267 sponde
377 4205 438 4252 cett
453 4199 528 4252 codd.
647 4201 772 4269 gnatam]
788 4201 814 4252 b.
833 4207 861 4253 nt
879 4201 995 4265 videtur,
1013 4202 1080 4253 sient
1098 4219 1140 4268 vg.
1177 4211 1308 4274 agnetam
1325 4207 1380 4254 cett.

260 4269 335 4322 codd.
436 4272 535 4320 Contra
558 4287 682 4337 sponsum
703 4281 804 4342 rogata
829 4273 931 4325 ridetur
954 4289 985 4324 ea
1008 4273 1199 4340 pecuniosis,
1227 4290 1304 4340 quam
1322 4275 1380 4324 alter

257 4342 293 4394 ab
311 4343 394 4396 attero
409 4341 547 4410 stipulatus
565 4347 619 4405 eet,
645 4342 667 4394 ri
684 4358 805 4412 spensam
823 4344 867 4398 ille
885 4345 933 4398 sibi
951 4359 1003 4398 noo
1020 4343 1142 4400 traderet.
1183 4344 1258 4399 Haec
1276 4343 1378 4414 pecunia
