2866 4812
892 113 896 130 .
991 89 1001 124 l

257 206 337 286 172
570 183 581 208 κ
633 233 757 282 cisun
794 219 998 281 ocravus.

257 393 373 494 (prins
403 394 498 487 enirn
526 417 651 468 nomen
677 405 751 485 est,
791 419 898 492 quam
931 391 1077 467 verbum
1109 389 1318 489 temporalc3
1363 401 1396 462 et

256 493 390 593 reliqua
414 497 606 593 posterius,
628 521 740 594 ,quam
763 520 889 568 nomen
910 507 944 570 et
960 493 1127 568 veritum:
1149 495 1268 591 prima
1287 493 1397 592 igitur

119 647 122 653 ι
165 595 435 698 cornemium:
476 621 585 695 quare
616 595 660 672 de
688 595 1087 691 comm-declinatione,
1121 620 1227 696 quam
1251 593 1295 668 de
1316 620 1396 668 ver·

256 697 403 791 borum,
439 709 519 772 ante
544 699 670 772 dicam.
1019 703 1023 708 ’
1077 765 1080 772 ,
1123 705 1138 742 .·
1210 739 1214 746 -

217 797 245 880 5
351 807 416 882 tlt.
441 811 593 886 Nomina
613 809 831 888 declinantur
852 820 912 886 aut
932 812 970 882 in
989 835 1108 882 sarum
1129 831 1247 882 renim
1268 805 1394 880 discri-

254 913 362 1003 mina,
391 937 538 1011 varum
564 915 705 989 nomina
727 922 823 1004 sunt,
849 923 890 984 ut
913 937 934 983 a
956 911 1158 1002 Terentius,
1182 909 1393 982 Terenti:

257 1015 383 1086 autin
414 1039 472 1088 eas
504 1041 560 1088 res
598 1017 835 1108 extrinsecus,
879 1039 1028 1111 querum
1068 1037 1113 1094 ead
1147 1011 1287 1086 uomina
1324 1028 1394 1082 non

84 1125 87 1133 “
197 1126 362 1215 appeunt,
396 1127 435 1188 ut
468 1115 512 1188 ab
542 1142 634 1215 equo
664 1117 833 1214 equiso.
894 1117 939 1188 In
971 1141 1035 1196 sue
1060 1113 1259 1194 discrimina
1284 1111 1395 1197 decli·

250 1217 383 1293 luuntur
408 1229 468 1300 aut
492 1229 635 1316 propter
658 1220 771 1315 ipsius
794 1219 846 1308 rei
870 1229 1050 1308 naturam,
1089 1216 1133 1288 de
1157 1239 1230 1316 quo
1248 1213 1393 1303 dicitur,

254 1329 316 1391 aut
335 1330 480 1417 propter
504 1319 619 1414 illius,
648 1321 709 1417 qui
735 1320 833 1392 dicit.
887 1320 1040 1416 Propter
1062 1319 1173 1415 ipsius
1195 1318 1247 1388 rei
1269 1315 1395 1388 discri·
1426 1363 1427 1370 κ

252 1420 432 1505 mina-aut
456 1418 501 1491 ab
527 1431 622 1513 toto,
652 1422 728 1494 *aut
748 1447 769 1494 a
792 1431 930 1518 parte„
957 1418 1020 1494 Ab
1047 1419 1152 1507 toto*,
1184 1428 1225 1492 ut
1253 1415 1298 1489 ab
1331 1416 1394 1490 ho·

252 1522 346 1598 mine
371 1521 695 1617 homunculus,
732 1522 777 1595 ab
800 1525 913 1622 cupite
941 1521 1218 1625 capitulum-2
1250 1529 1395 1617 propter
1419 1547 1427 1564 ·*

252 1622 533 1718 multitudinem,
565 1625 675 1700 utah
698 1624 839 1701 homine
862 1624 1098 1717 homiues,¹
1130 1620 1264 1715 abeo,
1297 1619 1395 1718 quod

253 1723 314 1796 alii
338 1723 481 1816 dicunt,
510 1730 727 1820 cervices,
746 1726 815 1799 *id
840 1725 1025 1807 Ortencius
1045 1727 1083 1808 in
1107 1724 1276 1822 poematis
1304 1747 1393 1796 cer·

254 1825 340 1896 vix.
467 1822 534 1899 15.
575 1827 677 1920 Quae
702 1853 723 1900 a
746 1839 845 1926 parte
868 1826 1059 1922 declinata,
1083 1836 1202 1910 anta
1230 1848 1392 1922 corpore,

221 1935 340 2016 ,uta
363 1951 513 2000 mamma
538 1954 833 2022 mammosae,
861 1950 1014 2005 amunu
1039 1925 1296 2010 manubria:
1336 1936 1393 1998 aut

196 2027 300 2126 smol)
326 2029 462 2124 animo,
494 2041 542 2124 ¹ut
566 2053 587 2102 a
611 2030 794 2130 prudentia
825 2029 1046 2128 prudens,
1083 2028 1128 2102 ab
1157 2030 1299 2128 ingenio
1331 2029 1392 2110 in·
1426 2033 1427 2114 i

253 2131 443 2228 geniosi.
496 2131 598 2204 Haec
619 2135 695 2206 siue
718 2131 982 2232 agitationibus3
1010 2143 1047 2204 at
1068 2130 1130 2203 ubi
1150 2141 1265 2205 motus
1285 2131 1392 2205 maio·

252 2257 332 2322 ree,
353 2233 454 2305 item
487 2231 531 2304 ab
565 2235 701 2328 animo,
734 2241 783 2306 'ut
814 2230 858 2305 ab
893 2235 1095 2306 strenuitate
1128 2243 1163 2305 et
1197 2229 1390 2322 nobilitate,
1426 2285 1427 2332 ,

162 2349 165 2362 ’
254 2334 439 2406 strenui
473 2345 509 2406 et
540 2333 737 2410 nobiles.
804 2333 1129 2434 Sicapugnando
1161 2333 1427 2426 etcurrendo}

253 2434 441 2533 pugiles
479 2444 515 2508 ct
552 2461 782 2515 cursores
853 2436 906 2510 Ut
942 2427 1033 2508 aliae
1065 2435 1316 2508 declinationes
1348 2434 1392 2507 alr
1426 2457 1427 2462 ’

254 2538 392 2630 animo,
420 2535 507 2609 aliae
532 2563 553 2609 a
575 2563 738 2638 corpore:
766 2539 818 2610 sie
840 2536 951 2630 aliae,
972 2539 1062 2635 quae
1084 2548 1181 2614 ema
1200 2535 1391 2629 hominem,
1426 2567 1427 2644 }

254 2648 294 2709 ut
318 2640 579 2736 pecuniosi,
608 2641 799 2739 agrarii,
827 2638 924 2737 quod
947 2637 1034 2712 foris
1059 2640 1209 2738 pecunia
1233 2650 1269 2712 et
1294 2664 1390 2739 ager.
1426 2673 1427 2736 j

252 2820 371 2891 primum
397 2828 425 2877 et
449 2829 511 2876 ante
534 2819 639 2893 prima,
673 2837 757 2889 neque
781 2822 995 2892 parentheticam·
1008 2827 1132 2881 orationis
1159 2825 1269 2880 formam
1295 2825 1393 2878 indica-
1426 2835 1427 2838 ’

148 2913 153 2920 ·
193 2925 197 2928 -
257 2901 357 2947 verant
410 2881 417 2908 ‘
483 2894 579 2966 quare]
606 2894 667 2948 Non
684 2909 790 2959 vereor,
815 2911 848 2949 ne
867 2899 925 2964 quis
942 2897 1047 2952 fallatur
1064 2897 1243 2952 anacoluthiae
1259 2898 1393 2950 notissimo
1426 2945 1427 2950 ,

254 2981 368 3036 genere,
392 2965 438 3019 ubi
453 2972 513 3035 post
534 2965 699 3034 parenthesin
715 2963 837 3034 speciosis
854 2975 969 3022 mutatur
984 2963 1020 3022 in'
1028 2969 1231 3025 additamentum
1247 2969 1393 3021 relativum.
1426 2951 1427 3020 l

255 3035 348 3090 Nostri
371 3037 422 3091 loci
440 3038 511 3107 apud
526 3039 670 3092 Varronem
687 3037 764 3106 place
782 3041 901 3105 geminus
918 3042 985 3094 alter
1000 3041 1036 3108 X,
1054 3047 1093 3104 1‚·
1117 3043 1183 3092 Cum
1200 3038 1235 3090 ab
1252 3039 1297 3092 his
1315 3039 1393 3094 ratic.
1426 3065 1427 3088 ;

255 3110 333 3178 quae
344 3106 379 3158 ab
399 3108 576 3161 similitudine
593 3109 725 3168 oriretur,
747 3121 890 3164 vocaretur
906 3111 1049 3184 analogia,
1066 3111 1172 3184 reliqua
1186 3129 1254 3181 pars
1271 3109 1393 3180 appella·
1426 3133 1427 3176 p

254 3187 333 3230 retur
349 3179 487 3230 anomalia
503 3180 547 3247 (ds
564 3197 620 3252 quc
637 3180 766 3250 reprimo
783 3179 850 3234 libro
868 3182 926 3234 dixi
943 3187 1022 3251 etc.).·
1051 3200 1200 3256 quarum
1216 3199 1307 3236 rerum
1326 3179 1394 3254 quod

131 3240 138 3264 '
254 3247 514 3320 marsumaticum,
532 3259 564 3303 ut
582 3249 687 3310 debuit,
708 3250 802 3321 posita
818 3251 853 3304 ab
871 3253 927 3308 ullo
943 3262 996 3310 etc.

369 3333 423 3400 14.
454 3347 570 3418 Terenti]
584 3349 631 3403 Fa.
647 3347 650 3354 ’
664 3349 782 3402 Terentii
795 3351 859 3406 GH.
904 3351 906 3358 ’
945 3347 1029 3421 'easJ
1045 3369 1088 3421 vg.
1123 3369 1157 3406 ea
1171 3352 1246 3407 codd.
1364 3353 1392 3404 de

256 3421 322 3490 quo]
340 3419 433 3474 eodem
451 3421 508 3474 iure
526 3426 584 3490 post
601 3421 715 3474 feminini
733 3425 835 3488 generis
852 3424 1007 3479 vocabulum
1024 3428 1137 3494 ponitur,
1155 3441 1207 3494 quo
1225 3431 1287 3494 post
1306 3427 1392 3494 plura-

255 3491 307 3544 lem
325 3507 460 3546 numerum
477 3492 621 3549 adhibetur.
656 3494 689 3568 V.
705 3509 763 3550 aun.
780 3495 815 3546 ad
833 3495 866 3560 V,
879 3501 942 3552 108.
967 3497 1012 3564 vt,
1024 3501 1068 3552 39.
1183 3493 1218 3546 ab
1237 3497 1389 3564 totoJFHa.

254 3559 350 3616 'rctoto
369 3565 403 3617 G.
540 3565 604 3616 *aut
621 3573 747 3632 aparte.
774 3563 820 3618 Ab
838 3569 921 3635 toto*]
935 3583 978 3636 vg.
1014 3569 1090 3622 Haec
1108 3565 1227 3621 addenda
1244 3585 1306 3621 esse
1323 3569 1390 3622 vide-

255 3641 316 3686 runt
333 3636 551 3705 interpolatorem
575 3649 636 3688 nam
652 3637 679 3688 in
697 3634 772 3689 codd.
791 3654 823 3690 ea
840 3637 942 3692 desunt.
1092 3638 1127 3690 ab
1145 3639 1246 3709 capite]
1264 3641 1342 3694 Ffla
1376 3655 1391 3688 c
1426 3637 1427 3640 ’

256 3706 346 3774 capite
364 3709 405 3760 G.
434 3707 502 3760 Illud
519 3708 662 3761 Varronem
680 3708 829 3775 scripsisse,
852 3725 932 3777 aegre
950 3707 1011 3762 mihi
1029 3710 1181 3784 persuadeo.
1296 3711 1351 3780 *ι’ἀ]
1367 3720 1392 3761 et

255 3775 286 3826 id
303 3777 378 3830 codd.
414 3777 492 3831 Prius
509 3795 551 3844 v.,
574 3779 607 3832 ab
625 3778 683 3832 aliis
701 3780 752 3832 ianr
769 3786 900 3846 notatum,
925 3782 1007 3835 omisi.
1175 3781 1332 3851 Ortensius]
1349 3784 1390 3836 Fa.

257 3846 423 3901 Hortensius
437 3849 499 3902 GH.
520 3857 546 3902 et
563 3849 629 3904 infra
647 3849 682 3916 X,
699 3855 743 3904 78.
761 3850 836 3904 codd.
856 3867 953 3906 omnes.
968 3915 972 3922 ⁴
988 3851 1056 3906 Illud
1074 3855 1186 3907 concinit
1203 3853 1263 3906 crim
1281 3855 1391 3908 lectione

257 3917 312 3968 orti
329 3919 361 3985 V,
382 3923 442 3972 103.
479 3919 520 3975 Gi.
536 3928 640 3990 praeter
657 3937 703 3988 ea,
721 3937 787 3990 quae
805 3923 838 3978 ad
856 3924 889 3990 V,
903 3929 946 3977 97.
964 3930 1087 3978 anuomta
1105 3932 1173 3990 sunt,
1198 3933 1264 3977 asta
1282 3927 1317 3993 V,
1333 3920 1389 3980 115.

256 4006 365 4042 umerus
383 3991 442 4057 vll,
459 3996 504 4046 50.
617 3991 717 4061 cervix]
735 3994 768 4047 cl.
787 3995 822 4060 X,
839 3998 883 4048 ts.
919 3995 951 4048 ld
967 3997 1019 4049 iam
1037 4004 1097 4049 ante
1115 3996 1284 4050 Hortensium
1300 4001 1390 4066 poetas

255 4061 370 4116 scribere
388 4078 465 4118 ausos
484 4081 556 4131 esse,
574 4066 673 4120 monuit
691 4067 869 4136 Zumptiasin
889 4068 979 4122 Annei.
997 4069 1113 4122 Beroltn.
1131 4087 1153 4122 a.
1175 4063 1264 4121 1821.Ι
1275 4087 1302 4138 p.
1316 4074 1389 4122 1518.

193 4133 198 4140 “
255 4129 423 4186 Hortensium
440 4142 540 4193 autem,
559 4137 644 4190 Varro
660 4135 736 4204 dicit,
752 4138 841 4191 cervix
857 4137 998 4194 declinasse
1016 4157 1032 4194 a
1048 4139 1174 4197 cervices,
1193 4149 1319 4211 utsupra
1335 4144 1389 4208 §.e

254 4202 394 4271 scripserat
410 4221 426 4258 a
444 4224 539 4278 scopae
557 4205 680 4262 declinari
697 4225 774 4278 posse
787 4227 876 4278 scopu.
933 4206 936 4212 '
1273 4217 1278 4228 ’

368 4279 417 4345 15.
446 4293 518 4365 quor
529 4293 615 4364 foro]
633 4295 665 4348 ct
685 4299 709 4362 §-
726 4301 768 4352 ra.
