2864 4814
439 213 490 313 -s-
522 227 544 296 5
573 197 689 294 -c
830 176 834 182 ’
1094 209 1147 282 to

33 404 92 506 νύξ
112 426 190 479 nox.
253 403 372 496 Quom
404 397 503 474 stello
528 401 639 498 primu
660 388 781 472 exorta
809 395 905 497 (cum
930 375 1209 473 Grauius-1⁸⁹

34 521 101 584 caut
122 504 292 612 ἕσπερον,
323 503 435 576 nostri
459 503 810 601 vesperuginem
834 510 874 573 ut
895 499 1068 575 Plautus:
1161 497 1213 508 ’-

128 642 255 735 Neque
279 659 484 732 vesperugo
512 657 629 728 neque
658 635 839 727 vergiliae
865 625 1091 729 occidunt):¹

32 763 60 835 id
80 775 208 862 tempus
235 764 365 836 dictum
387 789 408 834 a
433 760 578 835 Graecis
601 755 765 864 iscripsi,
803 758 930 830 Latine
963 770 1222 852 respersus)

34 879 64 938 ut
85 878 158 938 ante
178 864 285 940 solem
307 877 434 955 ortum,
466 863 561 962 quod
583 862 703 933 eadem
725 860 824 932 stella
843 869 989 932 vocatur
1008 857 1150 951 iubar,
1280 861 1282 866 ’

35 967 114 1066 quod
137 968 275 1063 iubata,
315 968 541 1040 Pacuvianus
566 965 651 1037 dicit
674 973 814 1061 pastor:
1089 997 1106 1028 ο

103 1091 271 1172 'Exorto
309 1085 458 1198 iubare,
497 1100 617 1168 noctis
645 1099 801 1168 decurso
834 1096 986 1182 itinere,-

33 1195 172 1272 Ennius:

130 1305 253 1394 Aiax,
287 1301 413 1398 quod*
441 1301 587 1385 lumen,
621 1297 779 1370 iuburne
807 1296 846 1368 in
883 1295 986 1364 coelo
1015 1289 1154 1377 cerno?

36 1425 65 1500 7.
89 1430 183 1505 Inter
203 1432 467 1530 vesperuginem
488 1440 524 1502 ct
540 1426 641 1501 iubar
663 1425 757 1498 dicta
777 1449 862 1497 nox
880 1423 1152 1518 intempesta,
1168 1454 1217 1522 139

35 1542 64 1602 ut
84 1533 119 1604 iu
144 1535 257 1608 Bruto
284 1532 399 1606 Cassii
424 1531 519 1629 quod
541 1527 679 1603 dicebat
701 1526 890 1598 Lucretiae

133 1665 252 1734 Nocte
280 1667 501 1758 intempesta
529 1675 699 1732 nostram
727 1658 873 1730 devenit
905 1658 1062 1726 domum.

35 1784 266 1886 Intempestam
299 1791 425 1868 Aelius
464 1792 603 1867 dicebat
634 1815 740 1890 quoru
774 1799 912 1884 tempus
946 1779 1071 1880 agendi
1104 1788 1159 1850 cst

36 1888 167 1983 nullum,
193 1893 287 1990 quod
309 1898 367 1968 alii
389 1895 647 1970 concubium
667 1890 899 1991 appellaruut‚
923 1881 1018 1981 quod
1038 1906 1157 1953 omnes

37 1987 92 2062 lere
106 2002 200 2066 -tuuc
226 1996 416 2096 cuburent3
459 1973 518 2070 olii
545 1995 589 2069 ab
616 2022 657 2067 eo
687 1991 782 2090 quod
807 1990 987 2077 sileretur,
1024 1982 1156 2056 silen-

37 2091 122 2164 tium
144 2099 271 2191 noctis,
294 2101 390 2200 quod
411 2100 504 2174 idem
519 2100 669 2172 Plautus
690 2107 827 2192 tempus
850 2083 1155 2178 conticinium3

38 2195 143 2268 scn'bit
167 2201 259 2272 enim
271 2230 292 2308 i.
957 2273 959 2278 Ι

134 2324 373 2394 Videbimus:
406 2325 560 2416 sectum
593 2323 689 2394 volo:
730 2317 852 2388 redito
882 2311 1088 2383 coriticinio.

132 2458 172 2534 8.
209 2458 315 2536 Alter
347 2473 465 2533 motus
496 2461 580 2532 solis
611 2467 663 2530 est
696 2456 797 2526 aliter
827 2449 883 2522 ac*
914 2446 1022 2538 coeli,
1063 2441 1158 2542 quod
1187 2507 1194 2520 .

37 2574 177 2638 novetur
198 2591 220 2636 a
246 2565 370 2639 bruma
394 2564 439 2635 ad
466 2563 661 2635 solstitium.
716 2559 821 2630 Dicta
848 2553 1029 2642 bruma,
1063 2543 1159 2650 quod
1235 2558 1243 2563 ”

37 2777 82 2835 Nisi
97 2802 150 2840 cum
169 2787 294 2858 Scioppio
320 2806 400 2858 quom
423 2789 564 2851 scribatur,
588 2784 652 2837 haec
677 2779 853 2855 parenthetica
878 2782 953 2840 suut,
979 2781 1057 2841 atque
1074 2771 1115 2822 sio
1130 2786 1161 2821 ee

38 2852 134 2911 distinxi,
170 2861 244 2912 Idem
257 2861 349 2912 suadet
362 2861 435 2928 Pape
450 2861 536 2913 Lectt.
547 2859 620 2910 Varr.
636 2875 660 2924 p.
669 2859 737 2908 46..
826 2847 958 2914 Plautus]
977 2843 1164 2913 Amphitruone
1251 2901 1260 2909 .

39 2922 179 2992 l,1‚119‚
204 2932 238 2984 cf·
257 2932 322 2998 Vll,
340 2935 384 2983 50.
475 2923 478 2931 '
542 2926 729 2993 Pacuvianus]
747 2922 857 2978 Victorii
883 2921 945 2972 Vir.
964 2915 1050 2986 Lecti.
1067 2927 1163 2966 mssa

39 2994 164 3066 slessgelio
183 3003 320 3067 laudatae,
338 3009 365 3054 et
381 3002 527 3056 Turnebus.
562 2995 789 3068 pacuviuseodd.
808 2994 856 3044 nisi
874 2990 944 3058 qnod
956 3005 1028 3058 paco
1047 3003 1071 3038 a.
1107 2984 1163 3035 Ea-

39 3065 86 3120 dem
95 3073 151 3146 Vll,
164 3071 211 3127 tc!
247 3075 290 3126 Ex
310 3077 409 3126 incerta
421 3075 516 3137 fabula,
534 3071 620 3124 Bothe
630 3070 659 3122 P.
671 3071 714 3122 Sc.
726 3067 758 3118 L.
769 3067 802 3130 V,
812 3065 833 3115 l.
848 3082 874 3131 p.
883 3065 942 3112 148.
1052 3053 1162 3126 pastor]

37 3151 118 3202 partor
135 3147 184 3199 Ga.
219 3156 318 3212 pastor
336 3146 371 3198 H.
404 3163 503 3214 porcor
520 3145 546 3194 b.
702 3137 779 3190 Aiax
797 3133 904 3204 φυκί’]
924 3128 996 3202 quod
1018 3145 1068 3202 cm.
1087 3126 1164 3180 codd,

41 3209 113 3266 rddidi
136 3233 169 3270 ex
194 3217 317 3269 inferiore
342 3218 400 3270 loco
419 3215 483 3277 Vll,
502 3221 560 3278 76„
587 3228 639 3278 quo
658 3207 770 3280 aliquod
793 3209 819 3258 in
839 3204 914 3258 codd.
933 3209 989 3266 est,
1012 3207 1038 3254 et
1057 3206 1165 3268 propter

40 3295 133 3343 sensum·
178 3289 256 3344 Quod
280 3291 366 3341 lumen
385 3289 488 3352 videat,
511 3286 617 3337 iubarne
635 3283 684 3344 sit,
714 3280 814 3346 quaerit
838 3278 928 3342 uliquis
948 3290 981 3326 ex
999 3275 1078 3324 Aiace
1096 3269 1165 3338 apud

41 3348 146 3412 Ennium,
200 3361 287 3410 Aiace
312 3361 352 3412 ed.
370 3360 470 3424 Paris,
498 3363 525 3410 et
550 3354 683 3425 probabile
707 3367 769 3404 saue
794 3365 897 3401 versum
915 3347 1023 3398 ductum
1047 3358 1105 3394 esse
1130 3355 1165 3394 ex

43 3423 111 3479 hicce
127 3429 215 3484 Ennii.
257 3431 342 3484 Bothe
361 3431 391 3484 P.
411 3433 455 3484 Sc.
473 3429 506 3482 L.
524 3430 558 3494 V,
576 3428 597 3480 l.
622 3444 647 3493 p.
657 3427 700 3476 31.
746 3423 903 3483 Because,
930 3416 1165 3484 quacVurrouem

43 3499 66 3544 ut
82 3496 124 3552 hos
141 3503 214 3555 locos
231 3503 272 3556 bis
290 3510 400 3573 poneret
417 3502 588 3572 permoverit,
606 3498 704 3550 dictum
720 3496 746 3556 iu
763 3493 937 3547 Praelatioue.

139 3619 171 3685 7.
204 3633 301 3702 Cassii]
320 3635 396 3689 codd.
440 3638 468 3689 C.
486 3635 565 3688 Accii
585 3634 730 3696 Victorius,
756 3613 909 3688 Turnebus,
929 3621 1054 3687 Scaliger.
1098 3619 1167 3672 Illud

43 3707 130 3756 mutare
148 3721 198 3758 non
218 3705 296 3758 ansus
314 3723 385 3773 snm,
403 3724 461 3760 cum
480 3709 558 3760 etiam
576 3707 635 3770 Vll,
653 3710 696 3758 72.
721 3703 789 3754 idem
806 3713 896 3752 versus
915 3697 941 3746 in
960 3692 1077 3745 omuibus
1095 3692 1168 3742 libris

31 3771 121 3826 'Cassio
145 3779 287 3831 tribuatur:
314 3779 383 3846 quod
401 3781 458 3845 quis
477 3780 567 3832 credet
585 3777 647 3828 castr
665 3777 761 3827 lactum
781 3787 846 3823 esse.
889 3769 975 3833 Atque
1000 3769 1091 3815 uotum
1116 3767 1166 3826 est,

45 3844 112 3897 lccio
129 3851 223 3915 poetae
243 3865 402 3917 praenomen
420 3851 500 3902 sitisse
518 3851 611 3902 Lucio.
635 3846 668 3899 cl.
686 3861 743 3898 ann.
756 3843 788 3895 ad
804 3844 837 3906 V,
856 3844 900 3892 80.
937 3839 1059 3890 Ceterum
1078 3833 1168 3886 inferri

44 3915 101 3968 solet
117 3917 157 3970 hic
178 3935 268 3973 versus
286 3922 437 3988 fragmentis
462 3923 537 3973 Bruti
565 3919 678 3973 Acciani.
714 3913 800 3968 Bothe
817 3915 848 3964 P.
865 3913 908 3963 Sc.
924 3911 956 3962 L.
974 3909 1008 3974 V,
1026 3909 1047 3960 Ι.
1068 3925 1093 3974 p.
1105 3910 1166 3957 190.

45 3989 232 4056 concubiturus.
255 3999 285 4045 ut
309 3995 411 4048 videtur
433 3995 501 4046 sicut
518 4009 560 4058 vg.
604 3987 787 4041 inconcubium
806 3985 864 4036 FG.
907 3982 935 4032 in
955 3977 1109 4031 concubium
1130 3977 1167 4027 H.

45 4055 200 4114 iconcubium
218 4081 242 4118 c.
371 4063 504 4128 Plautus]
523 4064 643 4116 Asinaria¹
655 4061 709 4125 ΙΙΙ,
727 4061 754 4122 3,
772 4060 816 4108 95.
852 4053 926 4106 Idem
945 4054 1019 4104 locus
1036 4049 1103 4113 vll,
1122 4051 1167 4099 79.

46 4128 129 4196 redito]
147 4135 221 4189 codd.
246 4136 294 4188 nisi
319 4136 388 4202 quod
412 4134 507 4190 reditio
525 4135 560 4188 H.
596 4131 709 4185 iredito
728 4145 770 4197 vg.
817 4125 903 4177 redito
921 4123 976 4175 huc
994 4123 1080 4175 Plauti
1102 4119 1167 4173 libri·

47 4195 107 4254 lutra
123 4207 225 4275 scripsi:
251 4217 282 4258 or
301 4209 397 4260 redito.

149 4311 181 4376 8.
205 4325 347 4378 aliterue·
367 4321 446 4390 caeli]
466 4323 531 4390 coni.
568 4319 639 4373 ulter
658 4317 723 4371 caeli
741 4317 815 4372 codd.
857 4312 925 4368 lhud
944 4280 1034 4366 seusus
1053 4307 1168 4376 postula·
1229 4290 1232 4296 ¹
