2890 4820
444 261 481 364 ἕ.
511 273 559 347 75
585 303 635 318 -·-
659 276 721 356 79·
1098 262 1148 342 nt

49 449 141 520 dnla
163 460 199 523 et
223 445 445 524 miliarina
472 474 492 522 a
515 448 613 542 cibo,
653 447 746 548 qnod
768 447 894 524 alterae
917 449 998 546 fico,
1024 453 1151 530 alterae

49 551 131 624 milio
150 552 235 626 liant
257 554 414 650 pingues.
1140 592 1143 601 ·

138 676 204 752 77.
241 676 458 777 Aquatilinm
489 676 657 752 vocabula
689 679 885 753 animalium
917 683 1040 779 partim
1070 694 1149 758 sunt
1160 674 1213 750 12

49 780 221 853 vernacula
253 785 377 878 partim
415 783 605 880 peregrina.
681 779 782 853 Foris
816 808 1020 854 muraena
1055 785 1192 886 quoda-n

50 877 199 984 μύραινα
223 879 375 975 Graece,
414 881 589 980 cybium
611 882 883 974 etthnnnus,
920 887 1044 980 quoius
1068 889 1151 958 item

49 995 151 1077 partes
171 983 314 1057 Graecis
334 983 511 1056 vocabulis
536 1009 667 1078 omnes,
700 995 738 1055 ut
767 984 1023 1084 melandrya
1047 997 1151 1085 atque

50 1109 217 1157 uraeon.
280 1084 460 1160 Vocabula
488 1087 633 1182 piscium
661 1084 824 1181 pleraque
852 1085 1013 1159 translata
1038 1113 1058 1158 a
1082 1100 1150 1161 ter·

48 1185 201 1259 restribns
222 1187 398 1285 exaliqua
420 1197 515 1281 parte
538 1183 705 1256 similibus
728 1185 843 1275 rebus,
871 1195 910 1255 ut
932 1188 1149 1284 anguilla,
1222 1187 1225 1202 ¹

47 1283 288 1384 lingulaca,
324 1287 468 1378 sudis5
508 1284 573 1356 alia
599 1311 619 1355 a
645 1284 816 1358 coloribus
841 1283 1006 1356 uthaec:
1044 1291 1151 1360 asel·

46 1383 127 1480 las,
164 1387 338 1478 umbra,
377 1385 555 1480 tnrdns3
598 1387 664 1456 alia
687 1385 716 1457 'a
741 1388 776 1457 vi
801 1385 948 1483 quadam
979 1399 1018 1459 ut
1041 1386 1146 1460 hacc:

47 1484 192 1584 lupus,
232 1487 464 1578 canicula,
503 1486 717 1584 torpedo..
768 1488 856 1559 Item
888 1489 925 1558 in
960 1487 1193 1587 conchyliis&

47 1587 149 1685 aliqua
175 1617 218 1661 ex
242 1588 400 1680 Graecis,
424 1598 463 1659 ut
490 1587 692 1684 peloris,
724 1598 921 1679 ostreae,
947 1587 1148 1662 echinus.
1189 1627 1195 1633 ·

47 1687 234 1761 Vernncnla
250 1691 294 1762 ad
311 1688 579 1782 similitudinem,
597 1699 636 1762 nt
656 1714 852 1781 surenac,
876 1689 1149 1786 pectunculi,

47 1813 220 1890 ungues.

140 1915 208 1990 78.
243 1918 336 2004 Sunt
367 1919 468 1990 ctiam
500 1917 658 1989 animalia
682 1917 719 1989 in
743 1944 833 2015 aqna
858 1918 1003 2016 quaein
1027 1929 1152 1993 terram

48 2015 209 2092 interdum
234 2029 377 2112 exeant,
409 2019 475 2091 alia
497 2018 640 2091 Graecis
665 2018 842 2092 vocabulis
867 2030 905 2090 nt
933 2018 1149 2118 polypuS,
1204 2103 1206 2111 .

47 2117 413 2219 hippopotamioS,
439 2120 706 2214 crocodilos,
733 2121 799 2192 alia
819 2119 954 2192 Latinis
976 2131 1017 2192 ut
1037 2147 1150 2214 rana,

48 2246 170 2316 anas,
206 2248 403 2320 mergus,
448 2226 501 2316 Jsa
526 2247 595 2318 quo
617 2221 743 2293 Graeci
768 2247 807 2293 ea
832 2248 918 2319 quae
945 2223 982 2292 in
1004 2247 1093 2322 aqua
1118 2236 1152 2296 et

48 2334 126 2394 terra
149 2334 297 2422 possunt
327 2325 441 2394 vivere
466 2331 592 2394 vocant
615 2319 820 2424 dpplssrapl
849 2348 868 2394 c
893 2323 970 2419 quis
994 2347 1099 2394 rana
1129 2349 1151 2394 a

49 2449 101 2494 sna
124 2425 216 2497 dicta
240 2448 347 2514 voce,
386 2431 490 2493 arias
522 2448 541 2493 a
569 2421 705 2516 nando,
740 2449 916 2520 mergus
941 2422 1034 2518 qnod
1061 2445 1191 2517 mer-ej

49 2525 149 2619 gendo
172 2529 211 2598 in
235 2551 358 2622 aquam
385 2534 498 2620 captat
518 2547 645 2595 eseam.
791 2519 856 2592 79.
896 2523 985 2593 Item
1010 2520 1095 2594 aliae
1114 2526 1152 2596 in

49 2622 107 2696 hoc
131 2652 255 2726 genere
279 2653 300 2696 a
330 2623 492 2718 Graccis,
530 2633 571 2694 ut
601 2623 900 2722 qnerqnednla
934 2621 1152 2728 κερκουρῖς’,

50 2723 223 2801 laalcedo
248 2725 341 2826 qnod
361 2753 400 2798 ea
422 2721 596 2808 α’λκυώνῖ
623 2726 766 2816 liuilni,
794 2736 834 2796 ul
859 2726 1032 2799 testudo
1057 2725 1151 2824 quod

50 2837 126 2900 testa
145 2841 274 2902 tectum
293 2828 361 2900 hoc
384 2828 521 2918 animal,
550 2824 715 2926 lolligo
740 2827 832 2925 qnod
854 2825 1026 2920 subvolat,
1053 2829 1151 2900 litera

53 2941 269 3022 commutata,
309 2931 420 3026 primo
453 2929 594 3026 colligo.
671 2929 720 3000 Ut
754 2925 907 3026 Aegypti
924 2930 979 2998 ’in
1010 2929 1221 3017 flumineae)

52 3031 257 3132 quadrupes,
295 3033 345 3102 sic
376 3030 561 3122 inlatio,
598 3031 761 3102 nominati
798 3030 917 3126 lytra
946 3039 981 3100 et
1011 3028 1147 3124 iiber,

148 3241 201 3306 77.
225 3253 362 3318 muraena]
380 3237 428 3320 vg.
458 3269 566 3305 murena
583 3249 656 3304 codd.
771 3316 777 3328 ·
806 3243 929 3320 μύραινα]
945 3267 987 3317 vg.
1023 3269 1150 3320 myrnena

53 3323 106 3390 FG,
123 3327 191 3392 qnod
209 3327 316 3391 tortasse
332 3325 511 3394 recipiendum.
544 3322 661 3374 miraena
679 3318 714 3370 H.
742 3337 880 3373 marenca.
912 3319 1012 3372 minero
1024 3339 1047 3374 c.
1063 3339 1112 3374 orn.
1123 3323 1149 3375 b.

55 3394 155 3462 cybium]
167 3415 191 3451 a.
215 3401 244 3447 ut
268 3396 380 3462 videtur,
410 3397 477 3450 sicut
494 3411 535 3462 vg.
587 3389 723 3462 cytybium
740 3391 770 3442 F.
818 3389 937 3446 cilitium
954 3393 988 3446 G.
1014 3409 1063 3444 om.
1080 3393 1148 3446 nnc.

56 3474 77 3513 et
92 3467 219 3532 thuanus]
237 3468 373 3520 Victorius.
417 3477 443 3516 et
462 3465 573 3516 tiunnua
590 3464 622 3516 F.
662 3470 688 3512 et
708 3460 827 3513 titinnius
845 3463 905 3514 GH.
946 3463 1149 3517 cathimera.

55 3537 169 3590 catienus
186 3540 227 3592 bc.
324 3537 489 3606 melandrya]
508 3535 676 3601 mclandcrya
693 3533 723 3585 F.
758 3532 890 3582 nrelander
906 3531 998 3584 Giiac.
1034 3531 1150 3584 malcan-

56 3605 131 3660 derb.
283 3607 419 3678 lingulaca
437 3607 554 3672 sudia]b.
573 3604 732 3670 revidetur,
756 3606 821 3656 sicut
838 3619 898 3668 vg··
921 3599 1025 3672 lingula
1043 3603 1150 3657 aaronis

57 3673 229 3740 (casanatae.
265 3679 373 3750 casualia
389 3681 420 3732 F.
456 3677 555 3728 casalis
572 3677 608 3744 c.)
626 3675 699 3727 codd.
824 3671 944 3738 rutenae]
963 3687 1004 3738 vg.
1039 3689 1151 3740 cyreneo

56 3748 122 3802 GHa.
155 3767 248 3818 cyrene
266 3767 289 3802 c.
324 3750 409 3802 sirene
425 3750 456 3805 F.
491 3749 588 3800 eirenes
606 3746 631 3799 b.
667 3746 766 3797 Nomen
783 3742 884 3794 aliunde
900 3757 951 3794 non
969 3745 1108 3810 cognitum

151 3847 203 3912 78.
219 3855 436 3928 hippopotamius]
447 3857 476 3912 F.
512 3853 610 3907 Eadem
629 3852 802 3906 terminatione
820 3855 859 3902 est
876 3865 931 3903 voc.
946 3852 972 3903 in
989 3867 1031 3916 e.;
1054 3850 1149 3902 indue

55 3932 101 3984 enit
116 3931 190 3986 (iiia.
225 3932 251 3983 in
268 3949 325 3984 -oc,
342 3935 372 3980 ut
388 3943 445 3992 vg.,
463 3929 487 3977 b.
601 3923 678 3988 anas]
697 3939 738 3988 vg.
767 3936 816 3973 om.
835 3919 909 3974 codd.
1033 3921 1079 3986 †c
1097 3939 1151 3991 quc

56 4035 78 4053 ..
91 4040 97 4053 .
109 4041 131 4056 ..
146 3999 296 4068 dnoldtffl
315 3999 377 4052 haec
394 4014 452 4050 cum
469 3996 591 4064 Scioppio
608 3995 722 4046 addititia
740 3992 829 4046 habeo.
1067 3991 1070 4000 ¹

153 4101 202 4165 79.
220 4107 357 4182 κερκουρίς]
371 4107 438 4158 coni.
475 4104 581 4154 carceris
596 4099 669 4154 codd.
687 4099 735 4151 nisi
754 4098 822 4166 quod
840 4098 865 4152 b.
876 4115 927 4152 om.
966 4096 1079 4149 carcaria
1088 4099 1147 4152 did.

55 4172 151 4252 diurnata]
170 4189 234 4238 coni,
270 4179 354 4233 ‹it-H.
390 4176 486 4244 alcyon
502 4175 542 4226 bc.
576 4171 704 4240 halcyone
716 4171 747 4223 F.
782 4168 876 4220 alition
889 4172 923 4221 G.
942 4183 992 4220 om.
1006 4185 1030 4220 a.
1109 4173 1148 4220 Ur

55 4252 175 4323 Aegypti]
193 4257 252 4309 Hoc
269 4258 343 4310 colon
361 4265 418 4302 cam
436 4244 599 4312 sequentibus
622 4242 823 4310 interpunctione
840 4240 971 4304 coniunxi,
996 4255 1053 4296 eum
1070 4245 1146 4291 antea

56 4319 235 4394 distringeretur.
272 4327 363 4388 Neque
380 4319 516 4388 quidquam
535 4315 625 4368 decue
642 4313 766 4368 cautino.
860 4311 948 4382 lytra]
964 4327 1006 4381 vg.
1041 4309 1145 4378 lyraF,
