2890 4820
245 227 273 300 8
344 278 347 282 -
638 249 758 294 urana
790 248 984 307 ournrus

194 405 383 510 (unqua
406 412 565 511 bipartita
592 410 763 482 divisione
784 408 942 482 Lucilius
975 432 1117 480 suorum
1141 409 1243 480 unius
1269 420 1305 482 et
1329 413 1377 482 vi·
1429 415 1430 418 ’

246 515 334 612 giuti
359 515 528 588 librorum
553 514 690 584 initium
715 512 799 584 fecit
824 511 914 584 hoc:

194 660 239 703 es
362 636 539 710 Aetheris
556 649 596 707 et
620 636 745 705 terrcie
768 629 970 730 genitabile
993 656 1172 725 qrruerere
1194 644 1346 726 tempus.

224 781 243 828 s
353 752 439 827 18..
468 755 647 829 Caelum
683 741 815 827 dictum
857 747 980 824 scribit
1010 746 1158 842 Aelius,
1201 749 1297 846 quod
1331 762 1379 822 est

248 857 439 929 caelatum:
475 869 552 949 aut,
581 858 752 930 contrario
778 855 933 944 nomine,
963 851 1132 943 celatum,
1161 851 1255 948 quod
1282 877 1378 950 aper·

248 971 323 1030 tum
349 968 414 1030 est.
468 959 550 1032 Nou
575 959 685 1051 male,
710 957 804 1056 quod
831 954 950 1054 prius'
974 954 1084 1026 multo
1106 955 1221 1052 potius
1245 979 1265 1024 a
1285 953 1379 1026 caclo

248 1085 354 1156 quam
380 1059 512 1132 caelum
535 1087 554 1132 a
580 1060 766 1165 caeland05
805 1057 961 1130 sednon
987 1053 1212 1128 minus-illud
1235 1055 1379 1126 alterum

249 1161 293 1233 de
326 1161 470 1236 celando
502 1166 616 1261 potuit
648 1162 739 1255 dici,
779 1159 874 1260 quod
907 1156 1056 1230 interdiu
1083 1155 1234 1249 celatur,
1275 1183 1380 1254 quam

250 1262 344 1361 quod
369 1276 476 1336 noctu
505 1292 577 1337 non
603 1262 746 1336 celatur.
902 1256 968 1332 19.
1004 1256 1157 1332 Omnino
1183 1283 1249 1357 ego
1270 1263 1379 1358 magis

249 1376 334 1462 puto
352 1390 372 1437 a
389 1364 511 1440 Chao
536 1366 710 1456 choum,
738 1363 821 1436 lriuo
846 1388 997 1436 cavum
1016 1361 1072 1434 *ct
1090 1360 1173 1432 hinc
1192 1361 1377 1451 caelum,
1429 1421 1430 1426 ,

249 1469 427 1564 quoniam,
451 1479 490 1538 ut
505 1467 589 1559 dixi,
614 1470 683 1540 hoc
701 1471 841 1539 sucum
857 1490 1056 1561 supraque,
1078 1466 1176 1558 quod
1191 1468 1380 1558 complexu

250 1573 413 1640 continet
436 1583 578 1640 terram
608 1595 732 1643 cavum
759 1568 906 1641 caelum.
969 1567 1092 1663 ltaque
1123 1564 1207 1636 dicit
1236 1563 1379 1637 Andro·

249 1667 373 1740 macha
402 1671 517 1765 nocti:
1090 1693 1094 1700 ·
1429 1747 1430 1756 2

205 1791 239 1862 22
262 1779 276 1801 ⁸
364 1773 470 1860 Quae
490 1799 583 1845 cava
599 1777 693 1844 caeli
712 1771 1018 1870 signiteneutibus
1042 1767 1193 1862 conficis
1216 1769 1330 1864 digit,

247 1879 283 1942 et
307 1864 572 1968 Agamemnon:

362 1978 402 2046 iu
428 1979 587 2047 altisono
612 1979 707 2048 caeli
733 1979 871 2069 clipe0,
1429 2053 1430 2060 χ

250 2097 373 2150 cavum
395 2077 487 2150 onim
514 2077 686 2182 clipeum3
725 2089 759 2149 et
781 2079 918 2150 Ennius
943 2077 1025 2150 item
1049 2074 1094 2147 ad
1120 2075 1352 2147 cavationem:
1429 2121 1430 2134 1

362 2182 456 2250 coeli
482 2184 649 2276 ingentes
666 2182 851 2272 fornices.

246 2375 337 2444 cilius]
362 2382 428 2434 coni.
453 2383 579 2450 Scaliger.
622 2382 766 2434 Lucretius
787 2382 862 2438 codd.
894 2381 1004 2448 ,Eadem
1028 2383 1158 2434 nominum
1181 2379 1297 2432 conlusio
1322 2379 1381 2442 Vll,

245 2451 288 2506 94.
324 2451 364 2502 De
382 2469 433 2518 qua
451 2463 560 2521 egerunt
577 2455 653 2506 etiam
672 2454 803 2508 Eiclrstad.
823 2456 855 2506 de
873 2457 926 2507 rita
945 2463 972 2507 et
990 2471 1066 2506 carm.
1082 2453 1197 2526 Lucretii
1220 2471 1245 2519 p.
1255 2451 1328 2501 LXV
1343 2468 1380 2515 sq.
1429 2467 1430 2478 ¹

237 2521 303 2595 ¹illl).
322 2523 456 2589 Forbiger.
483 2527 516 2578 de
539 2527 571 2578 Τ.
591 2527 706 2578 Lucretii
730 2527 791 2578 Cari
814 2542 892 2578 carm.
915 2526 1061 2578 dissertatio
1089 2543 1113 2591 p.
1130 2529 1174 2576 77.
1226 2525 1322 2574 Osann.
1349 2525 1381 2573 ad
1429 2539 1430 2542 ¹

245 2589 340 2646 Cassii.
359 2596 461 2660 Apulei.
484 2614 511 2664 p·
522 2601 565 2652 18.
607 2597 726 2653 Necdum
744 2599 817 2650 locus
840 2604 989 2666 persecatus
1007 2597 1116 2648 videtur.

359 2695 408 2759 18.
442 2709 540 2762 Aelius
558 2709 600 2764 lric'
617 2720 657 2764 est
675 2715 757 2778 Stilo,
782 2715 1015 2765 Grammaticorum
1034 2713 1136 2765 Romae
1159 2717 1218 2762 ante
1238 2710 1381 2762 Varronem

244 2775 423 2849 doctissimus,
441 2797 492 2834 non
507 2783 613 2853 Gallru,
633 2785 677 2851 qui
695 2785 727 2836 de
745 2785 887 2842 verborum
901 2785 933 2836 ad
951 2786 991 2836 ins
1006 2786 1081 2836 civile
1100 2781 1280 2850 pertinentium
1300 2781 1396 2846 sigui?

244 2849 365 2904 flectione
391 2854 500 2920 scripsit.
543 2855 621 2908 Hunc
645 2856 870 2922 interpolatl‘librl
888 2855 998 2908 Varroni
1017 2855 1172 2916 obtrudunt3
1201 2853 1234 2904 de
1251 2853 1296 2903 illo
1315 2854 1381 2903 Gel—
1429 2855 1430 2860 ’

244 2920 295 2971 lius
313 2922 354 2990 X,
372 2927 415 2976 21.
435 2924 604 2976 conferendus
628 2943 687 2978 cam
705 2927 813 2979 Varrou.
832 2926 877 2991 Vl,
895 2931 939 2978 59.
988 2926 1088 2978 Plinius
1105 2925 1138 2978 N.
1156 2925 1192 2979 H.
1210 2923 1252 2988 ll,
1270 2929 1296 2976 5.
1315 2921 1381 2974 lranc

244 2993 309 3045 caeli
332 3013 348 3048 a
372 2996 495 3049 caelando
520 2997 705 3050 derivationem
731 2998 780 3064 ipsi
805 2997 918 3049 Varroni
942 2997 1041 3049 tribuit.
1244 2993 1381 3044 contrario

243 3065 467 3132 nomineJFGHa.
495 3068 511 3121 i.
530 3085 553 3120 e.
575 3069 634 3121 κατ’
653 3065 816 3138 α’ντίφρασιν.
859 3067 1031 3120 econtrario
1056 3065 1158 3118 nomine
1182 3065 1224 3119 bc.
1253 3072 1283 3117 ut
1307 3065 1381 3116 vide-

242 3141 294 3190 tur.
408 3138 535 3203 celatum]
544 3141 569 3192 b.
607 3141 742 3191 caelatum
760 3145 822 3192 cett.
937 3138 1028 3206 prius]
1046 3139 1112 3191 conl.
1131 3138 1213 3206 posui.
1247 3136 1381 3204 posterior

242 3205 319 3258 codd.
356 3207 423 3258 unde
441 3211 564 3276 Spengel.
580 3213 725 3278 posterius¹
767 3211 917 3264 sedetiam
936 3211 985 3262 hoc
1005 3226 1107 3274 sensum
1126 3209 1265 3276 pervertit,
1285 3213 1313 3259 et
1330 3223 1380 3275 po-

242 3282 328 3329 terant
353 3279 449 3340 librarii
471 3281 578 3346 primam
605 3283 705 3336 literam
729 3299 753 3334 v.
773 3284 844 3350 prius
866 3299 914 3350 pro
933 3281 1085 3350 compendio
1104 3279 1301 3349 praepositionis
1320 3284 1380 3346 post

242 3347 349 3402 habere.
463 3350 495 3399 cle
513 3350 624 3402 celando
643 3387 689 3410 ...
708 3353 813 3404 celatur
831 3385 881 3406 ...
900 3353 1017 3417 celatur]
1035 3353 1101 3404 coni.
1138 3350 1170 3400 de
1188 3349 1315 3400 caelando

242 3418 366 3470 caelatur
383 3421 584 3474 ...caelatur
602 3424 677 3476 codd.
722 3425 777 3476 Sed
795 3426 879 3477 Varro
898 3425 977 3489 dicit,
1002 3439 1053 3474 nou
1080 3439 1145 3491 opus
1170 3438 1227 3474 esse
1251 3423 1295 3473 illa
1321 3415 1380 3472 κατ’

241 3486 396 3560 α’ντίφρασιν
413 3491 586 3558 derivatione,
605 3495 669 3559 sed,
687 3495 709 3546 si
729 3497 827 3547 caelum
847 3513 863 3547 a
879 3497 986 3548 celando
1005 3494 1101 3548 dictum
1119 3493 1168 3558 sit,
1194 3493 1310 3562 potuisse
1328 3491 1377 3548 lroc

240 3563 312 3626 fieri,
331 3563 401 3629 quod
419 3566 510 3619 stellae
526 3565 551 3616 in
571 3565 643 3617 caelo
662 3567 729 3616 lixae
747 3567 856 3618 interdiu
875 3569 937 3620 solis
954 3566 1092 3636 splendore
1109 3566 1284 3618 obscurentur.
1322 3563 1376 3616 Sed

240 3639 334 3705 postea
351 3635 408 3702 ipse
429 3635 494 3688 hanc
513 3638 696 3704 etymologiam
713 3637 849 3705 improbat.
1071 3649 1072 3654 ¹

353 3731 405 3800 19·
438 3745 545 3815 ego]bc.
577 3762 607 3796 ec
625 3751 687 3799 cett.
819 3743 989 3810 clrouin]FG.
1019 3741 1128 3796 edorum
1145 3741 1181 3794 H.
1219 3741 1333 3796 clauum
1351 3757 1374 3794 a.

239 3831 334 3866 conum
347 3817 373 3868 b.
392 3817 418 3868 in
437 3832 460 3868 c.
478 3818 623 3880 glossema:
642 3817 805 3872 chorearum
815 3814 893 3867 hodie
911 3814 1032 3867 dicimus.
1068 3816 1177 3867 Festus:
1196 3813 1291 3867 colum
1305 3817 1374 3880 poe-

239 3894 286 3936 tae
304 3887 404 3944 coelum
424 3885 550 3936 dixerunt
568 3905 585 3936 a
604 3887 688 3951 cliuo,
716 3904 749 3936 ex
775 3905 827 3956 quo
848 3883 987 3954 putabant
1013 3885 1112 3938 coelum
1132 3887 1194 3935 'esse
1213 3883 1374 3954 formatum.

240 3955 340 4010 Colrum
356 3960 399 4011 alii
418 3957 537 4008 dixerunt
554 3957 661 4023 choum,
680 3965 710 4012 ut
727 3956 819 4010 inclroo
836 3959 879 4010 alii
898 3956 998 4011 inruho.
1083 3956 1145 4007 hine
1164 3971 1259 4006 cavum
1267 3955 1289 4019 ‘]
1309 3955 1374 4007 coni.

239 4027 338 4094 addidi,
358 4036 465 4098 propter
484 4045 514 4086 ea
533 4045 599 4095 quae
617 4037 746 4086 secuntur.
861 4027 1103 4092 AnclromaclraJF.
1122 4031 1152 4078 ut
1168 4027 1219 4078 vid.
1247 4026 1375 4076 endroma

239 4099 332 4152 (illac.
369 4099 534 4170 andrumade
555 4102 580 4151 b.
617 4099 789 4152 Andromeda
807 4101 932 4165 Scaliger
979 4097 1173 4156 Andromachae
1190 4098 1268 4150 Ennii
1286 4098 1374 4150 tribuit

240 4174 273 4223 G.
290 4172 310 4222 l.
326 4171 449 4233 Vossius,
474 4189 498 4224 v.
518 4171 602 4230 Bothe
620 4172 651 4224 P.
670 4174 713 4224 Sc.
730 4173 762 4224 L.
781 4172 814 4236 V,
835 4175 858 4224 1.
878 4189 903 4243 p.
915 4177 958 4224 36.
1072 4170 1101 4220 in
1120 4170 1247 4235 altisono]
1264 4169 1306 4220 De
1326 4168 1373 4220 lroc

132 4263 135 4270 ⁴
240 4243 316 4295 Ennii
336 4257 369 4296 ex
387 4241 520 4310 Iphigenia
539 4243 682 4309 iragurento
701 4261 724 4294 r.
736 4242 798 4305 Vll,
819 4247 860 4296 72.
976 4239 1042 4293 caeli
1059 4239 1126 4312 iug.]
1143 4241 1175 4296 cl.
1189 4243 1243 4294 Cic.
1254 4242 1287 4292 de
1301 4242 1372 4294 Orat.

240 4314 292 4380 lll,
312 4317 355 4371 40,
383 4313 470 4367 Bothe
487 4315 517 4368 Ρ.
537 4317 579 4368 Sc.
599 4314 631 4368 L.
649 4315 681 4378 V,
702 4317 725 4366 1.
746 4331 770 4382 p·
785 4319 828 4369 u.
919 4349 923 4354 -
