2864 4814
246 187 299 262 62
641 213 762 258 nrnrn
790 209 987 270 colurus.

244 399 354 472 genus
381 385 505 448 terrae.
637 367 731 444 titt.
769 370 928 446 Glivos
952 367 1198 443 Publicius
1224 367 1268 440 ab
1291 367 1383 442 aedi-

186 475 337 554 1selibus
363 474 478 573 plebei
503 472 664 546 Publicis
686 475 748 571 qui
766 500 846 547 eum
867 471 1007 571 publice
1033 469 1272 552 aedificarunt.
1328 470 1383 544 Si-

184 567 318 650 *mili
344 578 392 660 de
414 601 519 650 causa
544 574 733 648 Pullius
761 585 796 648 et
822 574 1105 667 Gosconius,
1143 571 1238 671 quod
1264 571 1310 644 ab
1333 572 1385 646 his

166 667 168 678 ¹
244 675 399 754 vioeuris
428 678 595 751 dicuntur
624 676 808 750 aedificati.
874 675 995 751 Clivos
1016 699 1256 775 proxumus-a
1279 674 1385 748 Flora

244 807 347 854 susus
371 807 493 854 versus
519 777 805 878 Capitolium
830 789 986 871 vetus,
1025 775 1195 876 quodibi
1220 776 1384 850 sacellum

242 883 362 976 lovis,
390 883 561 973 lunonis,
594 882 796 976 Minervae,
831 893 866 955 ct
891 880 927 954 id
953 879 1131 976 antiquius
1157 903 1263 976 mam
1290 879 1383 953 aedis

193 1057 197 1067 ,
243 986 406 1082 quaein
431 982 605 1082 Capitolio
631 982 736 1055 facta.
921 977 1014 1054 159.
1052 980 1217 1078 Exquilis
1251 982 1384 1054 vicus

245 1084 468 1179 Africus,
495 1085 603 1183 .quod
637 1085 685 1158 ibi
717 1083 855 1160 obsides
888 1111 932 1158 ex
963 1079 1089 1156 Africa
1120 1081 1214 1155 bello
1247 1082 1384 1155 Punico

197 1203 207 1213 ‘
248 1187 413 1260 dicuntur
436 1187 610 1260 custoditi.
665 1187 808 1261 Vicus
839 1185 1038 1286 Cyprius
1076 1209 1259 1284 acppro‚
1291 1185 1383 1284 quod

186 1289 298 1380 mibi
321 1289 446 1364 Sabini
472 1291 567 1362 cives
592 1288 701 1362 additi
731 1288 982 1379 consederunt,
1022 1289 1084 1385 qui
1109 1312 1130 1358 a
1154 1285 1248 1360 bono
1274 1289 1384 1360 omine

247 1391 284 1464 id
317 1391 558 1491 appellarunt3
603 1418 685 1464 nam
723 1416 869 1490 cyprum
902 1388 1033 1464 Sabine
1061 1387 1204 1462 bonum.
1269 1389 1384 1486 Prope

244 1492 341 1567 hunc
371 1495 500 1567 vicus
532 1481 821 1586 Sceleratus,
870 1491 1029 1565 dicmsa
1063 1489 1182 1563 Tullia
1215 1491 1385 1588 Tarquini

245 1593 400 1693 Superbi
431 1621 561 1687 uxore,
595 1595 695 1693 quod¹
723 1593 773 1668 ibi
803 1620 910 1692 quom
943 1595 1069 1666 iaceret
1102 1604 1201 1691 pater
1231 1594 1404 1684 occisus,-

246 1721 355 1794 supra
380 1722 462 1770 eum
484 1707 687 1794 carpentum
712 1697 820 1769 mulio
846 1708 888 1768 ut
908 1697 1054 1796 inigeret
1078 1696 1190 1768 iussit.

183 1833 240 1910 55
362 1836 455 1911 160.
492 1838 668 1931 Quoniam
691 1827 790 1913 vicus
817 1849 1018 1914 constater
1043 1839 1267 1934 domibus,
1292 1863 1382 1912 nunc

247 1968 365 2034 earum
386 1940 558 2015 vocabula
581 1941 775 2042 videamus.
828 1945 997 2016 llo-mus
1020 1941 1214 2037 Graecum,
1250 1954 1284 2016 et
1309 1943 1382 2014 ideo
1423 1989 1424 2046 i

135 2067 138 2074 ’
247 2045 283 2115 in
305 2042 449 2136 aedibus
468 2045 578 2116 sacris
598 2056 677 2117 ante
699 2043 835 2139 cellam,
858 2043 920 2118 ubi
940 2044 1040 2117 sedes
1062 2045 1118 2119 dei
1137 2057 1232 2139 sunt,
1256 2044 1382 2118 Graeci

185 2145 370 2252 eddim*
401 2136 603 2249 πρόδομον,
643 2146 738 2245 quod
771 2158 872 2244 post,
918 2141 1176 2244 ὀπισθόδομον.
1203 2227 1207 2238 ,
1238 2143 1380 2220 Aedis

248 2246 292 2318 nb
318 2247 433 2341 aditu,
462 2246 557 2345 quod
581 2247 685 2346 plano
709 2249 797 2347 pede
820 2249 974 2324 adibant.
1029 2251 1151 2354 Itaque
1174 2275 1217 2322 ex
1239 2247 1380 2325 aedibus

193 2427 197 2432 ,
246 2350 359 2423 cll'erri
392 2350 559 2425 indictiva
589 2349 711 2424 iuuere
745 2377 872 2452 praeco
905 2353 1007 2426 etiem
1040 2378 1101 2426 eos
1134 2351 1219 2426 dicit
1232 2349 1312 2450 'qui
1340 2376 1379 2424 ex
1421 2383 1423 2454 p

359 2541 432 2607 158.
462 2554 613 2624 Publicius]
632 2573 675 2624 vg.
722 2555 850 2625 publicus
873 2557 946 2610 Fon.
997 2553 1122 2624 publicos
1145 2557 1181 2610 H.
1233 2573 1339 2626 pupcos
1356 2555 1378 2605 b.

245 2627 355 2680 Scilicet
373 2628 520 2681 terminatio
539 2630 584 2680 OS
603 2630 636 2680 ab
653 2629 780 2696 imperitis
798 2629 911 2681 librariis
930 2625 1055 2681 translata
1073 2635 1112 2681 est
1130 2646 1146 2682 a
1164 2628 1260 2692 clivos,
1285 2629 1313 2680 in
1332 2643 1378 2694 quo

244 2695 373 2750 iocabulo
391 2699 538 2751 necessaria
556 2706 612 2764 est,
637 2699 670 2750 ad
688 2697 845 2765 Publicius,
868 2701 910 2751 cni
928 2715 980 2752 non
998 2701 1128 2778 convenit6
1246 2697 1378 2762 Publicis]

244 2768 321 2822 codd.
354 2769 432 2837 idque
457 2770 565 2822 servavi.
591 2769 624 2823 ci.
643 2776 731 2822 annot.
753 2772 778 2835 ς.
792 2773 837 2822 33.
884 2769 1015 2828 Publiciis
1040 2771 1206 2836 ventremus,
1233 2770 1377 2840 Scioppius.

244 2839 283 2892 Ut
307 2840 402 2894 Festus
425 2857 448 2895 s.
467 2856 494 2893 v.
511 2842 646 2895 Publicius
664 2841 745 2894 clivus
771 2859 796 2910 p.
808 2844 871 2893 208.
889 2841 1009 2895 Lindem.
1033 2849 1135 2909 narrat,
1166 2841 1192 2894 hi
1210 2839 1304 2895 fratres
1323 2857 1378 2895 eum
1421 2861 1422 2884 i

244 2911 341 2964 ervum
359 2913 522 2977 munierunt,
551 2922 584 2963 ut
609 2913 638 2964 a.
656 2911 823 2964 Auentinum
847 2911 978 2965 venienus
999 2912 1077 2966 Velia
1101 2913 1186 2966 ventre
1206 2912 1305 2981 posse.
1341 2911 1377 2964 ct.
1421 2897 1422 2922 ¹

141 2989 149 3004 '
243 2982 370 3036 Niebuhr.
391 2985 426 3037 lt.
441 2983 477 3038 H.
495 2983 542 3037 111.
561 3001 588 3054 p.
601 2987 645 3037 47.
660 2986 723 3037 361.
919 2977 1042 3049 Pullius]
1060 2985 1135 3038 codd.
1160 2991 1265 3054 praeter
1282 2986 1318 3037 G.
1338 2985 1376 3050 qui

239 3053 362 3124 publius.
407 3057 498 3109 Solino
516 3073 539 3108 c.
559 3061 591 3122 l,
609 3060 653 3108 26.
678 3061 747 3108 teste
765 3054 922 3123 Tarquinius
939 3055 1063 3108 habitavit
1079 3056 1211 3127 Esquiliis
1228 3073 1314 3124 supra
1333 3055 1377 3105 cli-

243 3144 309 3176 vum
325 3124 452 3177 Pullium
477 3127 515 3176 ud
538 3126 702 3198 Fagutalem
720 3126 819 3178 lucum.
864 3126 923 3179 Non
942 3128 1005 3180 satis
1022 3127 1056 3180 ad
1074 3127 1099 3182 h.
1117 3130 1134 3179 l.
1154 3127 1299 3180 attenderat
1317 3127 1378 3179 Nic·

243 3195 350 3248 buhrius
368 3197 404 3249 it.
422 3197 457 3248 H.
475 3198 523 3249 ΙΙΙ.
542 3217 569 3267 p.
581 3203 626 3253 46.
651 3200 695 3265 qui
713 3199 746 3252 ab
765 3199 849 3251 aedile
868 3200 951 3252 curuli
976 3200 1089 3265 quodam
1106 3201 1193 3254 Pullio
1209 3199 1278 3252 hunc
1295 3201 1376 3252 vicum

243 3273 405 3320 exstructum
423 3269 534 3322 volebat.
631 3269 728 3338 clivos]
742 3271 841 3338 scripsi.
879 3270 965 3322 clivus
983 3269 1058 3323 codd.
1153 3288 1172 3320 u
1189 3269 1273 3322 Flora
1287 3270 1376 3334 susus]

243 3340 393 3404 Victorius,
411 3338 563 3402 Turselius,
582 3341 729 3409 Scioppius.
773 3359 791 3391 u
801 3343 891 3411 floras
909 3360 977 3394 usus
994 3343 1052 3395 FG.
1099 3359 1117 3392 u
1135 3343 1239 3410 floreus
1258 3361 1326 3394 usus
1344 3341 1375 3393 H.

236 3411 326 3480 floras
346 3429 413 3462 usus
431 3426 454 3463 a.
474 3411 635 3476 studetur,
653 3419 694 3477 et,
713 3415 788 3465 litera
805 3431 819 3464 ο
837 3413 870 3465 cd
890 3431 957 3464 usus
974 3409 1162 3483 suprascripta,
1180 3414 1206 3468 b.
1241 3414 1281 3464 od
1291 3415 1375 3482 flora·
1420 3413 1421 3484 i

243 3481 281 3605 ties
300 3500 367 3606 WH
381 3473 425 3607 ivg.
462 3481 522 3536 Hoe
535 3482 691 3552 Capitolium
707 3485 733 3536 in
747 3485 807 3537 Alta
821 3484 921 3538 semita
938 3485 1017 3538 fuisse
1035 3501 1118 3554 prope
1135 3487 1260 3555 templum
1276 3486 1374 3548 Florae,
1420 3485 1421 3502 ¹

125 3585 130 3598 .
262 3561 321 3606 ocet
362 3593 370 3607 .
414 3554 487 3607 ictor.

357 3649 430 3726 159.
455 3662 593 3737 exquiro]
611 3663 711 3734 scirpo,
728 3669 849 3732 utsupra
866 3665 943 3728 §.so
972 3662 1095 3733 Esquilis
1104 3665 1154 3717 es.
1182 3661 1309 3732 exquiliis
1321 3661 1374 3714 ru.

243 3733 351 3805 equiliis
369 3734 395 3790 b.
553 3736 688 3805 Cyprius]
707 3735 783 3789 codd.
820 3735 920 3803 ciprius
935 3751 978 3800 vg.
997 3741 1024 3787 et
1042 3735 1068 3790 b.
1086 3744 1116 3788 ut
1133 3735 1242 3790 videtur.
1279 3734 1373 3786 Eadem

244 3807 364 3859 lectionis
381 3807 491 3859 varietas
508 3807 534 3859 in
552 3808 726 3874 sequentibus.
840 3805 984 3876 irrigarent]
1002 3806 1109 3861 Fulvius
1123 3807 1233 3860 Ursinus
1251 3806 1374 3860 referente

244 3878 378 3947 Scioppio.
413 3877 524 3928 iniceret
542 3879 627 3933 FGH.
662 3879 799 3947 inijeccret
816 3893 840 3930 a.
866 3879 1011 3944 corruptius
1028 3879 1055 3932 b.
1419 3883 1420 3892 ¹

322 4005 326 4012 ‘
359 3979 431 4046 160.
456 3995 560 4061 eorum]
573 4011 616 4062 vg.
655 4013 743 4048 corum
762 3993 837 4047 codd.
862 3994 909 4047 nisi
927 3993 996 4062 quod
1015 4011 1065 4047 orn.
1080 3994 1116 4048 H.
1229 3989 1373 4054 videamus]

244 4083 289 4134 vg.
308 4074 335 4120 et
348 4067 373 4122 b.
390 4075 419 4120 ut
434 4066 542 4119 videtur.
580 4066 698 4128 videmus
717 4071 779 4119 cett.
796 4065 870 4118 codd.
985 4063 1129 4135 πρόδομον]
1147 4081 1190 4132 vg.
1224 4064 1373 4132 prodemum

245 4139 276 4193 F.
311 4138 454 4206 prodemus
473 4138 507 4190 G.
544 4137 621 4198 δῶμα
639 4154 663 4192 α.
681 4140 773 4192 lacuna
790 4137 815 4190 in
835 4137 871 4189 H.
889 4152 939 4188 om.
958 4137 984 4189 b.
1130 4137 1206 4205 post]
1217 4137 1270 4189 Gb.
1288 4142 1316 4188 ut
1333 4147 1371 4198 vg.

242 4219 333 4280 potest
352 4209 399 4262 Fa.
432 4217 543 4277 praeest
560 4208 596 4262 H.
735 4203 924 4275 ὀπισθόδομον]
942 4225 984 4274 vg·
1021 4205 1191 4277 epistdodum
1209 4209 1240 4260 F.
1256 4206 1372 4277 ‘episto-

247 4282 320 4334 dium
339 4283 373 4332 G.
392 4282 486 4333 lacuna
504 4282 529 4332 in
547 4286 609 4335 cett.
732 4277 873 4346 indictiva]
891 4296 932 4348 vg.
969 4277 1108 4332 inductiva
1126 4279 1202 4338 codd.
1317 4273 1372 4328 inde
1418 4293 1419 4324 i
