2890 4820
253 280 299 325 nn
329 279 483 326 ennena
514 277 664 326 nerent
692 259 913 328 trenonnn.
1081 277 1151 334 xtv

102 439 140 504 B.
171 441 225 505 31.
249 437 305 504 32.
339 433 398 499 Ex
431 435 678 524 elegantia,
718 401 979 528 propterquam
1011 439 1045 506 in
1077 442 1150 510 aliis

33 525 115 590 rebus
135 527 265 616 plaeere
289 521 561 609 inaequalitatem.

35 723 66 738 ..
99 637 136 702 C.
169 639 224 702 33.
257 635 640 722 Consuetudinem.
668 657 801 724 regnare
835 637 959 726 solam,
1004 643 1149 736 analogia

34 733 115 810 igitur
143 747 211 788 non
237 746 321 813 opus
350 745 434 786 csse.

98 834 140 897 D.
171 834 335 898 :tl—36.
365 833 424 898 Ex
446 833 686 915 contrario,
740 833 809 916 uod
825 836 921 902 etiam
935 797 960 902 ’a
984 840 1148 911 dissimili·

34 919 165 984 hasnon
189 919 295 984 solum
317 919 457 1004 similia,
489 920 666 1008 sedsaepe
690 857 801 984 eidem
822 922 911 986 flant.
1056 951 1061 960 ’

98 1030 136 1094 Ε.
172 1031 227 1094 37.
251 1031 498 1124 38..Analogia
531 1034 620 1124 quod
652 1057 734 1100 non
768 1033 827 1097 sit
858 1033 1041 1126 ubique,
1062 1067 1149 1110 -esse

33 1137 236 1205 nusquam.

13 1239 15 1260 ³
97 1231 133 1293 F.
166 1229 339 1296 39-43,
371 1229 701 1296 Similitudinis
727 1229 855 1299 notioni
875 1251 941 1295 non
963 1239 1149 1321 convenire,

32 1337 97 1400 quae
123 1317 164 1380 de
190 1315 338 1404 analogia
363 1317 582 1405 proferantur.

60 1445 98 1510 ll.
128 1447 228 1530 Quod
257 1445 298 1510 ad
328 1445 466 1534 partis
497 1444 691 1533 singulas
724 1443 949 1508 orationis.
1008 1449 1066 1515 ll.
1099 1449 1151 1516 De

31 1543 216 1618 quattuor
237 1542 317 1596 orat.
342 1531 508 1619 partibus,
538 1530 645 1597 verbis
667 1529 871 1620 appellandi,
899 1530 1049 1618 dicendi,
1079 1535 1149 1600 iun-

29 1617 128 1704 gendi,
148 1615 428 1693 ,adminiculandi

90 1731 136 1795 A.
171 1729 231 1795 45.
264 1717 532 1818 Appellandi
564 1736 671 1817 partes
731 1736 880 1794 uattuorz
919 1733 1150 1819 provocabula,

28 1816 191 1898 uocabula,
221 1815 371 1897 nomina,
401 1813 616 1904 pronomina,
652 1822 684 1876 et
754 1815 865 1878 .haee
887 1814 1074 1904 singulatim
1094 1821 1149 1884 tri·

29 1902 129 1986 plicia,
160 1900 204 1964 ad
226 1924 359 1982 sexum,
387 1901 650 1979 multitudinem,
674 1923 795 1963 casum.
840 1899 1008 1966 47-49.
1032 1901 1150 1996 Neque

29 2009 131 2070 sexus,
169 2010 213 2050 ne
239 2010 279 2049 ue
310 1985 552 2070 multitudinis,
588 2007 697 2072 neque
728 2007 822 2050 casus
856 1983 975 2050 formas
1008 2011 1079 2054 esse
1110 1985 1151 2054 ad

31 2073 193 2163 analogiam
216 2010 331 2136 iactas.

66 2270 73 2285 ι
124 2210 162 2285 ⁶1.
197 2184 253 2250 50.
276 2184 330 2248 51.
368 2178 556 2246 Generatim
583 2179 703 2246 dicitur
731 2182 773 2247 de
801 2186 1147 2288 prov'oeahulisa

32 2291 94 2356 ΨΜ,
123 2295 176 2450 lii.
205 2367 344 2466 52.lle
370 2376 619 2460 vocabulis,
657 2401 797 2468 quornm
826 2391 979 2472 quattuor
1008 2383 1148 2448 deelina-

31 2469 137 2535 tionnm
165 2492 296 2560 genera.
1142 2501 1145 2506 ·

177 2609 208 2649 a.
240 2583 292 2646 De
315 2576 531 2644 declinatione
552 2573 812 2641 nominandi.
853 2577 1017 2643 53-57.
1041 2579 1150 2644 Huius

33 2670 141 2754 generis
172 2693 245 2735 esse
275 2663 421 2754 triplices
454 2660 602 2744 radices,
637 2685 655 2725 a
685 2661 864 2748 vocabulo,
901 2687 920 2727 a
947 2664 1098 2752 nomine,
1132 2689 1151 2730 a

32 2755 132 2840 verbo,
167 2756 203 2822 in
233 2752 325 2819 nullo
354 2751 471 2814 horum
501 2745 622 2811 servari
650 2748 841 2838 analogiam.
897 2749 996 2813 56-
1009 2751 1066 2817 62.
1099 2751 1151 2816 De

32 2843 259 2932 participiorum
280 2848 313 2904 et
335 2833 588 2923 compositorum
609 2833 780 2898 nominum
802 2833 973 2900 anomalia.

13 2935 16 2956 l

177 2954 214 3019 b.
244 2952 295 3018 De
319 2949 537 3016 declinatione
559 2944 734 3012 casuali.
786 2948 842 3012 63.
873 2947 1016 3013 Casuum
1037 2973 1149 3014 nume-

34 3057 90 3100 mu
112 3037 174 3104 sihi
199 3062 267 3104 non
293 3046 452 3103 constare.
508 3033 567 3098 64.
587 3032 643 3094 65.
674 3030 892 3096 Barbarorum
919 3034 1151 3100 vocabulorum

35 3119 172 3188 diversam
189 3124 452 3190 declinationem.
497 3120 554 3183 66.
579 3115 736 3180 Eiusdem
750 3140 843 3181 casus
857 3117 999 3184 diversas
1015 3119 1147 3186 formas.

34 3205 67 3268 67
74 3211 176 3276 -74.
208 3211 242 3290 Α
263 3209 425 3275 similibus
446 3201 616 3270 dissimilia
641 3201 713 3267 lieri
735 3199 770 3266 in
792 3203 1020 3269 declinatione.

177 3348 208 3389 c.
238 3321 290 3387 De
311 3316 528 3387 declinatione
549 3313 746 3416 augendi.
790 3315 952 3382 ⁷5--7u
974 3317 1092 3407 Neque
1114 3318 1148 3380 in

35 3399 74 3546 ipis
93 3409 210 3474 serrari
234 3407 436 3498 analogiam,
468 3424 543 3465 nam
568 3423 603 3464 m
626 3398 738 3465 multis
761 3423 862 3467 unum
887 3403 1009 3468 duosve
1031 3401 1149 3492 gradus

52 3509 139 3559 cesse.

180 3595 213 3662 d.
245 3594 304 3660 De.
319 3589 534 3659 declinatione
555 3587 786 3658 minuendi.
831 3589 887 3653 7⁰.
910 3585 1149 3654 Etiaminhae

36 3676 118 3743 multa
138 3681 268 3772 linguae
291 3680 417 3745 deesse.

13 3835 15 3842 ‹
142 3817 193 3858 ιιι.
223 3792 275 3858 De
296 3788 554 3856 nominibus.
599 3783 771 3852 80—84.
794 3781 1003 3850 Descendere
1024 3797 1148 3852 catum

36 3877 254 3962 anominilms,
274 3889 344 3942 tum
364 3901 383 3940 a
402 3874 588 3956 vocabulis,
617 3872 652 3936 in
673 3869 798 3934 neutris
815 3870 936 3936 servari
952 3870 1145 3961 analogiam.

37 3953 104 4041 (ffle
124 3963 210 4029 loeus
233 3965 361 4029 duobus
387 3961 525 4024 lacunis
538 3951 828 4044 interrumpitur.)

87 4073 214 4160 (Facile
236 4065 454 4166 intelligitur,
487 4071 596 4136 deesse
620 4069 698 4133 huie
721 4067 805 4140 libro
829 4079 976 4156 purtem,
1007 4094 1090 4170 qun·

13 4223 14 4246 t
145 4201 189 4242 tv.
224 4179 263 4244 de
291 4174 640 4265 pronominibus,
673 4171 791 4236 deiude
1102 4187 1104 4193 “

103 4283 140 4350 Β.
170 4288 209 4354 de
238 4289 407 4354 dicendi
435 4286 579 4352 uerbis
609 4283 682 4370 (ubi
709 4284 749 4348 de
774 4282 1044 4366 diuersu,formu
1073 4287 1148 4348 sim-

35 4363 112 4444 etus
130 4395 206 4459 eope
225 4386 258 4443 et
279 4377 446 4460 compositi
467 4367 576 4457 accipe
597 4369 785 4450 dicebatur,
816 4393 849 4433 o.
875 4369 959 4450 VII,
981 4367 1083 4454 90.).
