2864 4814
432 254 470 352 §-
499 259 549 344 ss
571 295 620 308 -
640 269 702 345 91·
1075 261 1129 336 ss

31 469 62 515 ea
82 453 153 539 pest
177 450 381 526 commutata
400 465 439 512 re
461 439 599 512 militari
619 444 732 514 minue
753 441 897 514 illustria
919 458 1010 518 snrrt.
1064 448 1126 521 Pi·
1141 475 1172 518 92

20 545 87 614 vlani
118 543 264 614 triarii
299 566 437 638 quoqne
468 541 551 612 dieti
583 541 676 640 qued
710 545 747 614 in
779 546 852 616 acie
881 549 980 618 tertie
1010 532 1173 622 ordre*
1282 551 1285 561 '

29 646 171 716 extremis
207 641 359 715 subsidio
391 641 670 740 deponebantur3
713 645 806 740 quod
828 643 865 716 bi
891 644 1126 742 subsidebant,

31 745 64 816 ab
87 771 124 818 cn
145 743 336 818 subsidium
357 744 508 837 dietum,
544 769 564 815 a
590 759 659 842 qu'u
684 743 850 818 Plautus:

122 877 234 970 Agite
252 899 359 963 nunc,
383 875 558 945 subsidite
583 901 705 946 omnes
724 878 830 968 quusi
852 879 968 947 solent
991 881 1129 956 triarii.

30 995 83 1069 90.
115 998 344 1074 Auxilium
376 1001 583 1098 appellatum
614 999 658 1073 ab
687 1010 811 1090 auctu,
850 1027 954 1098 quom
978 1029 1130 1078 accesse-

29 1111 90 1171 rant
112 1103 141 1172 ei
163 1104 224 1200 qui
244 1101 437 1191 adiumento
460 1113 574 1176 essent
596 1102 817 1198 alienigenae.
858 1102 1131 1177 Praesidium

29 1200 159 1296 dietum,
195 1205 255 1299 qui
284 1215 378 1275 extra
412 1213 523 1274 eastre
556 1199 794 1299 praesidebant
827 1201 863 1272 in
897 1201 974 1274 locu
999 1205 1128 1301 aliquo,

28 1327 82 1396 que
112 1304 219 1376 tutior
249 1305 345 1402 regin
378 1312 476 1376 esset.
541 1301 778 1374 Obsidium
810 1301 940 1374 dictum
965 1301 1008 1373 ab
1040 1304 1131 1376 obsi-

27 1401 140 1496 dendo,
173 1429 244 1502 quc
274 1405 387 1474 minus
416 1401 526 1476 bostis
555 1402 672 1502 egredi
695 1414 811 1498 posset
839 1402 939 1496 inde3
980 1405 1061 1475 item
1088 1404 1131 1474 ab

28 1501 240 1597 abscidendo,
277 1529 381 1600 quom
413 1503 451 1578 id
479 1503 556 1578 ideo
585 1505 737 1578 facerent
770 1529 839 1600 quo
863 1503 1000 1576 facilius
1026 1504 1131 1576 demi·
1145 1520 1178 1586 ,93

27 1617 153 1678 ruerent
179 1605 322 1679 besteis.
383 1604 640 1703 Dupliearii
665 1604 768 1694 dicti,
805 1603 929 1701 quibus
951 1602 996 1676 ob
1022 1607 1131 1676 virtu·

27 1715 77 1776 tem
101 1707 254 1804 duplicia
284 1703 410 1778 cibaria
435 1717 474 1778 ut
501 1705 662 1778 darebtnr
688 1707 891 1776 institutum.
1062 1701 1128 1776 ut.

27 1805 171 1878 Turma
196 1809 314 1879 terima
340 1805 388 1906 (Ε
407 1809 445 1878 in
458 1807 493 1878 U
510 1803 608 1905 abiit)
634 1804 727 1904 quud
753 1815 806 1877 ter
827 1806 906 1878 deni
929 1806 1060 1902 equites
1087 1831 1130 1877 ex

27 1905 118 1979 trilrus
140 1907 298 1981 tribubus
318 1908 537 1998 Titiensium,
562 1909 762 1996 Remulum,
789 1906 964 1978 Lucerum
986 1903 1127 1977 fiebant.

26 2005 128 2104 ltaque
148 2011 250 2106 primi
267 2009 479 2106 singularum
499 2007 714 2080 decuriarum
738 2005 995 2079 decuriones
1022 2006 1125 2077 dicti:

27 2111 71 2202 qui
92 2109 135 2180 ab
167 2136 208 2182 eo
239 2110 276 2180 in
308 2109 454 2208 siugulis
490 2111 611 2182 turmis
647 2117 729 2180 sunt
761 2110 862 2180 etiam
894 2132 987 2178 nunc
1021 2108 1124 2180 terni.

27 2207 106 2297 Ques
127 2209 165 2280 hi
187 2212 299 2309 prime
323 2210 540 2286 administros
564 2207 718 2307 ipsi‘sibi
741 2208 960 2306 adoptabant,
988 2201 1185 2304 optio-er'

26 2333 86 2382 nes
117 2313 234 2384 vocari
269 2314 402 2408 ccepti,
443 2337 529 2407 quus
554 2336 647 2382 nune
677 2321 816 2406 propter
841 2308 1042 2380 ambitiones
1067 2309 1128 2378 tri·

26 2405 94 2482 bani
117 2413 261 2506 faciunt.
328 2410 578 2482 Tubicines
611 2408 735 2482 atuba
762 2420 795 2480 et
820 2409 994 2496 canendo,
1034 2408 1127 2476 simi-

25 2507 87 2582 liter
107 2513 343 2586 Liticines.
397 2510 629 2585 Classicus
654 2535 674 2581 a
701 2509 828 2602 classe,
856 2511 916 2608 qui
940 2508 1025 2580 litun
1051 2515 1180 2597 cor-'92

26 2635 99 2684 nure
123 2626 272 2708 canunt,
309 2626 381 2686 tum
412 2639 491 2686 cuna
522 2612 650 2684 classes
676 2613 820 2684 comitiis
850 2611 894 2682 ad
920 2608 1128 2684 comitiatum

26 2729 143 2790 vocant.

28 2907 147 2955 autument.
277 2918 310 2951 ea
324 2911 387 2970 post
405 2910 566 2952 commutate
584 2919 612 2952 re
630 2899 754 2963 militari]
772 2899 801 2948 V.
823 2897 855 2949 de
873 2893 897 2946 b.
916 2897 933 2946 l.
951 2892 1073 2946 Niebuhr.
1092 2891 1126 2946 R.

27 2965 53 3018 Η.
68 2971 96 3023 Τ.
108 2973 153 3024 lll.
172 2991 197 3040 p.
211 2975 270 3024 116.
381 2971 513 3037 Plautus]
530 2972 580 3024 Est
597 2974 663 3023 inter
684 2971 826 3036 fragmenta
843 2966 1007 3043 deeluriae.
1023 3033 1028 3042 ·
1043 2961 1127 3014 Botbe

27 3036 94 3092 Plaut.
111 3043 142 3094 T.
155 3043 203 3094 llI.
223 3061 248 3110 p.
262 3047 323 3096 560.
360 3043 399 3094 Cf.
418 3043 511 3094 Festus
532 3059 552 3094 s.
571 3059 594 3094 v.
613 3042 776 3094 subsidium
925 3032 1064 3096 subsidite]
1083 3047 1126 3100 vg.

28 3107 140 3162 subsedite
158 3115 193 3166 G.
229 3111 361 3164 subsidete
378 3113 438 3166 Fac.
474 3110 607 3164 subsidere
620 3112 658 3166 Η.
796 3139 798 3144 ·

119 3216 170 3281 90.
193 3228 303 3294 dictum]
322 3237 362 3279 est
381 3227 480 3278 dictum
498 3227 529 3280 F.

29 3302 237 3356 contraveneris
253 3315 356 3352 morem.
469 3297 575 3363 inde]b.
593 3303 623 3348 ut
640 3244 749 3359 videtur,
767 3294 833 3346 sicut
850 3309 891 3358 vg.
917 3291 955 3342 -in
972 3289 1012 3340 die
1025 3289 1123 3368 PGHe.

28 3364 49 3414 lu
66 3369 125 3422 diem
143 3391 165 3425 c.
292 3368 458 3432 abscidendo]
477 3368 541 3419 cuni.
578 3365 718 3418 absidemlu
736 3367 781 3418 Fe.
818 3361 956 3414 obsidendo
974 3360 1034 3413 GH.
1070 3375 1127 3408 usr-

29 3435 94 3492 draeo
109 3461 131 3496 a.
166 3439 325 3493 rescindendo
341 3441 365 3492 b.
402 3437 555 3492 abscidendo
572 3453 594 3490 s.
612 3436 782 3488 abscindendo
799 3437 864 3488 ceni.
881 3435 953 3501 Pape
967 3429 1126 3484 Leett.Vur-

28 3521 69 3560 r⁰¹1·
85 3531 108 3580 p.
122 3519 165 3568 ³9.

120 3609 171 3674 91.
205 3615 375 3681 didensium]
399 3615 560 3669 Rbolaudell.
612 3613 768 3666 leviensium
792 3611 865 3664 FGb.
918 3602 1074 3683 t‘t'cl'enaiuut¹
1091 3602 1125 3654 H.

28 3687 147 3746 tieensium
164 3711 188 3747 a.
215 3683 219 3691 ’
315 3686 487 3754 Εἰίἰοίηεε]θ.
506 3694 535 3739 ut
552 3686 601 3740 vid.
621 3689 687 3739 elcut
704 3701 746 3750 vg.
782 3681 899 3751 litigines
917 3673 1018 3726 PGHb.
1054 3672 1125 3724 letra-

30 3757 84 3812 cines
100 3781 121 3816 c.
181 3763 248 3814 Post·
268 3757 292 3812 b.
310 3775 335 3810 v.
361 3767 388 3808 et
411 3759 481 3810 addit
498 3759 529 3810 F.
547 3765 577 3810 nt
594 3759 660 3822 rid,
688 3757 754 3810 sieut
771 3769 814 3818 vg.
854 3749 885 3800 ld
902 3761 951 3797 um.
970 3751 1031 3799 cett.
1050 3744 1124 3796 codd.

29 3828 150 3902 Classicus]
168 3832 339 3896 accusativum
363 3845 412 3880 neu
436 3829 531 3880 mutavi
557 3837 661 3898 prepter
679 3844 724 3890 ee,
752 3839 817 3890 quae
836 3835 892 3872 ann.
911 3817 943 3868 ad
961 3817 1039 3900 531.
1057 3815 1126 3866 dista

28 3908 80 3956 euru.
188 3903 266 3966 lituo]
286 3902 351 3969 coni.
386 3899 449 3949 item
466 3899 540 3952 codd.
653 3913 764 3949 corruere
780 3890 893 3954 canunt]
912 3901 977 3940 cunt.
1013 3901 1125 3970 cornuve

28 3973 86 4021 ceruit
102 3975 139 4028 bc.
191 3991 270 4024 cornu
285 3979 393 4022 maceret
417 3973 477 4022 cett.
495 3970 569 4022 codd.
622 3969 687 4022 Pest
711 3966 773 4016 beec
796 3980 835 4016 vv.
855 3958 943 4022 codd,
973 3962 1002 4008 ut
1025 3956 1125 4008 videtur

28 4053 106 4108 onnes,
123 4053 161 4101 ut,
179 4043 248 4111 qued
265 4042 346 4094 omisi.
460 4048 517 4090 tum
535 4040 605 4104 cum]
623 4039 674 4090 Ubi
693 4037 755 4089 haee
769 4036 963 4097 coniunguntur,
982 4043 1059 4098 quom
1073 4040 1126 4078 neu

28 4113 81 4163 salet
95 4117 240 4183 repeririin
258 4113 336 4164 libris.
366 4110 399 4165 V.
418 4113 495 4174 §.95
522 4111 567 4172 Vl,
581 4115 623 4162 58.
634 4114 677 4160 95.
696 4107 754 4170 Vll,
771 4110 814 4158 st.
852 4106 1003 4165 Quanquam
1020 4097 1065 4161 Vb
1080 4100 1124 4148 73·

28 4184 157 4239 scribimuer
175 4197 232 4238 tum
248 4192 339 4251 sperat
352 4200 437 4253 quoni.
474 4181 631 4233 Crediderim
648 4187 733 4232 temen
752 4195 810 4228 eum
827 4175 970 4256 avertens
985 4169 1126 4236 praelatum

29 4266 85 4318 erse,
107 4259 150 4310 ubi
166 4258 295 4312 relativam
315 4255 462 4320 perticulam
480 4251 691 4304 demonstretis-se
709 4248 862 4318 respondere
885 4241 998 4295 indecere
1017 4240 1127 4292 volebat.

29 4325 187 4396 condrictum]
205 4324 362 4383 Vertrunius.
399 4323 559 4374 coreitarum·
571 4323 645 4376 cedd.
681 4321 721 4374 ci.
740 4320 771 4371 ud
791 4317 817 4370 ln
834 4322 849 4370 Ι.
868 4313 920 4376 Vl,
939 4315 982 4363 92·

724 4415 780 4482 3.

692 3223 730 3292 ur]
739 3225 803 3276 Gau.
839 3219 910 3292 quod
926 3219 979 3274 Hb.
1015 3217 1079 3290 quia
1096 3217 1126 3271 F.
