2874 4804
448 275 710 326 antennam.
1067 247 1150 324 269
1203 280 1210 289 ·

31 471 120 517 trem:
160 443 222 513 De
253 425 463 514 Fenestella
489 439 704 533 quiritatur.
757 437 828 511 Est
849 447 964 511 autem
987 441 1151 540 quiritem

30 546 174 636 Quirites
195 544 299 616 ciere.
353 555 594 612 nlouanas
623 565 705 639 pag.
730 537 828 612 577.
853 542 901 614 Ρ.

572 695 594 736 4

119 796 184 872 19.
205 797 430 896 Gausapa
450 793 599 870 budius
622 792 721 899 (Aa.
740 795 793 892 Η,
814 793 932 900 500.)
950 799 1152 873 neutraliter

29 900 125 974 dixit:
164 905 345 996 Gausapa
371 903 404 972 si
429 903 606 994 sumpsit,
636 927 811 997 gausapa
838 917 985 998 sumpta
1005 905 1151 999 proba;

28 1015 59 1075 ot
79 1003 221 1077 Cassius
240 1002 393 1076 Severus
413 1000 458 1072 ad
477 1000 736 1075 Maecenatem:
766 1004 944 1099 Gausapa
955 1027 1211 1103 purpuream}

29 1111 213 1180 salutatus.
275 1103 348 1178 Sed
381 1098 567 1201 Augustus
605 1103 643 1174 in
674 1113 902 1177 testamentot
956 1108 1153 1205 Gausapes

28 1211 155 1280 lodices
179 1231 398 1304 purpureas
424 1221 459 1276 ei
488 1209 656 1276 coloreas
686 1233 801 1278 meas.
857 1223 1002 1278 VARRO
1037 1221 1153 1284 antem

29 1308 66 1382 le
89 1309 229 1408 Lingua
254 1307 381 1380 Latina
406 1307 473 1399 ait,
506 1305 677 1380 vocabula
701 1331 744 1379 ex
769 1305 907 1382 Graeco
932 1322 1091 1408 sumpta,
1122 1314 1155 1386 si

29 1437 121 1483 suurn
143 1437 253 1511 genus
277 1435 348 1483 non
373 1409 554 1503 retineant,
584 1433 627 1481 ex
650 1408 841 1482 masculino
866 1412 903 1482 in
926 1407 1153 1486 foemininum
1193 1439 1199 1448 ·

28 1512 123 1586 latine
149 1513 299 1585 transire
330 1521 364 1582 et
388 1506 427 1582 Α
451 1509 551 1598 litera
576 1512 773 1602 terminari,
802 1512 909 1586 ueluti
935 1507 953 1591 ὅ
986 1511 1154 1612 κοχλίας

29 1613 107 1687 haec
141 1614 305 1706 cochlea,
344 1608 361 1690 ὃ
391 1607 508 1716 ipsias
538 1610 626 1684 haec
655 1609 797 1712 herma,
836 1610 854 1692 ὁ
885 1610 1033 1718 χάρτης
1063 1617 1152 1691 haec
1260 1635 1264 1651 ’

29 1715 162 1788 chariat
205 1741 288 1813 ergo
319 1707 338 1791 o‘
367 1708 571 1808 «γαυσοὶπης
588 1713 689 1788 ,haec
726 1739 901 1814 gausapa,
945 1719 1002 1789 eui
1034 1721 1154 1818 generi

29 1817 245 1918 elegantiores
272 1814 479 1888 addiderunt
504 1842 565 1913 per
589 1816 830 1888 necessitatem
854 1829 894 1891 ut
917 1817 1073 1893 dicerent
1099 1832 1153 1893 tu-

28 1921 133 1991 nicam
163 1943 377 2017 genapum,
416 1916 511 2015 quod
533 1915 708 2016 quomodo
737 1916 910 1992 diceretur
936 1923 1058 1995 merito
1082 1949 1154 1996 non

30 2021 195 2112 constitit,
235 2021 318 2116 quia
350 2045 434 2091 usus
467 2020 543 2090 eius
572 2017 666 2116 apud
697 2027 831 2093 veteres
862 2022 1043 2094 nonfuit.
1104 2023 1155 2098 Er

28 2121 76 2195 M.
98 2121 252 2198 Messala
285 2119 329 2192 de
353 2118 501 2191 Antonii
529 2121 673 2192 statuis:
707 2121 882 2197 Armenii
908 2128 1008 2222 regis
1032 2130 1155 2224 spolia

26 2252 198 2322 gausape.
249 2239 498 2293 errtrrrslusx
517 2247 600 2321 pag.
617 2217 687 2292 80.

102 2345 190 2408 Haeo
203 2342 313 2406 eadem
329 2345 364 2405 in
380 2340 510 2403 brevius
525 2349 685 2402 contracta
703 2341 853 2419 leguntur
864 2341 947 2428 apud
962 2353 1080 2410 naiso
1090 2371 1103 2410 1
1113 2367 1155 2412 A·
1227 2383 1229 2396 .

29 2452 110 2494 suu
132 2433 218 2492 libro
241 2427 326 2505 Vll,
348 2447 420 2512 pag.
432 2436 507 2498 328·
535 2423 599 2487 Kr·
618 2445 692 2507 pag.
707 2434 782 2500 759.
805 2425 862 2491 P.:
945 2449 946 2454 ¹
975 2449 977 2454 ·

132 2550 282 2607 vtato
322 2557 405 2606 vero
446 2528 488 2602 de
527 2529 669 2628 Lingua
712 2528 839 2604 Latina
877 2533 946 2626 ait,
994 2530 1077 2608 talia
1112 2561 1156 2609 ex

29 2633 158 2712 Graeco
184 2646 321 2735 sumpta
345 2660 389 2708 ex
413 2631 606 2704 masculino
638 2631 675 2703 in
698 2629 923 2706 foemininum
952 2639 1157 2711 transireat

28 2737 119 2813 aliter
153 2765 195 2813 ea
230 2738 345 2832 finiri,
385 2731 403 2816 ὅ
433 2732 602 2830 κοχλίας
639 2730 727 2807 haee
759 2734 923 2832 cochlea,
961 2731 1157 2846 ixeiprus

28 2836 273 2936 irascebaris,
308 2834 327 2920 ὅ
357 2833 561 2935 γαυσοίπης
584 2835 673 2909 haee
696 2862 863 2937 gausapa.

93 3047 182 3112 Multo
199 3045 282 3114 maior
297 3056 418 3096 numerus
435 3039 710 3129 satirarum-torum,
727 3056 794 3108 qnae
812 3057 846 3096 ex
861 3043 986 3129 Varronis
1004 3046 1154 3132 mannaa-

29 3131 62 3238 t
76 3114 1157 3258 tritttptttttt'tdt‘itt.:.‘¹⁸t¹3ttittt¹¹tttutttt'tttt

28 3259 123 3312 Latino
145 3261 184 3310 od
207 3257 382 3324 Marcellum,
408 3272 441 3310 an
466 3257 497 3306 de
521 3255 644 3308 utilitate
667 3255 809 3321 sermonis,
835 3262 913 3324 atquc
932 3258 963 3310 de
981 3257 1158 3311 similitudine

28 3329 160 3382 uerborum
193 3331 279 3395 libris,
309 3345 341 3382 an
370 3346 404 3382 ex
427 3326 532 3394 Astiis,
563 3343 595 3380 an
620 3341 654 3378 ex
681 3326 754 3379 libris
784 3326 822 3377 od
845 3329 957 3381 Attium
986 3329 1035 3396 (de
1063 3329 1157 3398 quibas

29 3399 119 3455 dictum
143 3403 178 3454 ad
201 3402 293 3468 fraga
314 3399 367 3468 1.),
398 3401 510 3466 denique
541 3414 574 3453 ex
603 3398 660 3450 aliie
692 3399 824 3464 quibusvis
855 3401 911 3453 eius
941 3401 1060 3470 scriptia3
1096 3417 1158 3455 nam

29 3475 199 3540 etymologiae
223 3488 265 3524 ars
289 3478 371 3524 toturn
395 3473 537 3524 Varronem
561 3470 610 3522 sibi
635 3471 840 3538 mancipaverat,
866 3477 944 3538 atque
969 3488 1071 3525 omnem
1100 3475 1157 3526 eiua

30 3541 168 3596 doctrinam
193 3558 286 3612 sapore
308 3559 357 3595 auo
381 3544 515 3596 Inbuerat.
551 3541 736 3606 Fragmentum
760 3541 793 3594 de
813 3542 973 3595 faeneratum
996 3543 1063 3612 apud
1091 3543 1158 3598 Gel-

29 3612 88 3667 lium
112 3616 191 3680 XVI,
211 3618 270 3680 ta,
298 3614 367 3679 quod
393 3631 426 3668 ex
450 3615 528 3667 tertio
555 3613 677 3664 librorum
706 3612 740 3666 de
766 3615 891 3666 sermone
918 3614 1014 3667 Latino
1042 3620 1096 3679 est,
1129 3617 1157 3668 iu

29 3685 91 3738 Coti.
103 3687 207 3754 Fragm.
220 3687 329 3742 Varron.
340 3685 381 3738 ed.
392 3683 546 3738 Durdrecht.
563 3699 698 3753 perperam
716 3684 824 3738 infertur
841 3685 991 3752 fragmentis
1008 3686 1042 3738 de
1053 3685 1158 3754 Lingua

28 3754 126 3810 Iuntina.
162 3758 262 3811 Locum
281 3755 314 3809 de
333 3757 391 3825 pice
408 3758 573 3824 singulariter
590 3755 659 3807 dicta
676 3770 693 3807 a
708 3753 826 3808 Charisia
844 3773 870 3823 p.
881 3761 925 3809 71.
939 3757 1104 3810 ex'aecundo
1123 3756 1157 3810 de

28 3828 190 3881 similitudine
218 3829 284 3880 libro
309 3828 470 3896 desumptum
495 3827 653 3896 Spengelius
677 3835 745 3878 nouo
771 3826 804 3878 de
822 3826 855 3880 L.
868 3827 900 3882 L.
920 3829 974 3882 rire
991 3829 1105 3882 secundo
1123 3829 1157 3882 da

28 3901 142 3967 analogia
169 3900 233 3952 libro
258 3899 393 3964 attribuit,
418 3901 445 3951 in
463 3915 515 3966 quo
540 3899 625 3950 locum
645 3897 807 3951 commodum
825 3895 885 3950 huic
904 3915 954 3952 non
971 3902 1084 3968 reperio.
1119 3898 1157 3954 Et

28 3969 93 4035 qbod
117 3973 145 4023 io
164 3973 215 4023 alio
239 3971 364 4038 scriptore
389 3971 456 4022 ratio
473 3971 588 4034 iuberet,
616 3975 646 4020 ut
671 3969 793 4022 librorum
818 3984 951 4022 numerum
977 3973 1098 4024 coercere
1115 3972 1170 4042 in-¹

27 4043 243 4110 scriptionumquo
276 4043 427 4094 varietatem
462 4043 576 4094 rubuere
610 4038 789 4093 studeremus:
823 4040 851 4093 id
884 4042 910 4094 in
936 4043 1070 4117 Varrone,
1111 4044 1156 4110 qui

27 4111 246 4170 cccctxxxx
270 4113 342 4166 tibris
367 4113 471 4181 scriptis
490 4112 545 4166 sibi
563 4127 614 4164 non
633 4109 809 4178 satisfecerat,
833 4117 861 4166 et
879 4129 1098 4182 superramneum
1115 4121 1157 4168 est

27 4188 52 4236 et
69 4185 248 4253 improbabile.
301 4237 304 4246 ,
868 4199 872 4207 ’

373 4351 794 4380 una—w·—
