<?xml version="1.0" encoding="UTF-8"?>
<!DOCTYPE html PUBLIC "-//W3C//DTD XHTML 1.0 Transitional//EN"
    "http://www.w3.org/TR/xhtml1/DTD/xhtml1-transitional.dtd">
<html xmlns="http://www.w3.org/1999/xhtml" xml:lang="en" lang="en">
 <head>
  <title>
</title>
<meta http-equiv="Content-Type" content="text/html;charset=utf-8" />
  <meta name='ocr-system' content='tesseract 3.04.00' />
  <meta name='ocr-capabilities' content='ocr_page ocr_carea ocr_par ocr_line ocrx_word'/>
</head>
<body>
  <div class='ocr_page' id='page_1' title='image "./mterentivarroni00mlgoog/mterentivarroni00mlgoog_0253.png"; bbox 0 0 2866 4812; ppageno 0'>
   <div class='ocr_carea' id='block_1_1' title="bbox 464 207 1167 345">
    <p class='ocr_par' dir='ltr' id='par_1_1' title="bbox 464 207 1167 345">
     <span class='ocr_line' id='line_1_1' title="bbox 464 207 1167 345; baseline -0.006 -23"><span class='ocrx_word' id='word_1_1' title='bbox 464 207 836 345; x_wconf 33' lang='lat' dir='ltr'><strong>snssn.‚</strong></span> <span class='ocrx_word' id='word_1_2' title='bbox 1088 239 1167 318; x_wconf 70' lang='lat' dir='ltr'><strong>tn</strong></span> 
     </span>
    </p>
   </div>
   <div class='ocr_carea' id='block_1_2' title="bbox 38 423 1244 2376">
    <p class='ocr_par' dir='ltr' id='par_1_2' title="bbox 41 423 1244 1338">
     <span class='ocr_line' id='line_1_2' title="bbox 45 423 1224 524; baseline 0 -24"><span class='ocrx_word' id='word_1_3' title='bbox 45 426 107 502; x_wconf 78' lang='lat' dir='ltr'><strong>iil.¹</strong></span> <span class='ocrx_word' id='word_1_4' title='bbox 130 467 140 500; x_wconf 87' lang='lat'><strong>.</strong></span> <span class='ocrx_word' id='word_1_5' title='bbox 164 479 173 496; x_wconf 93' lang='lat'><strong>.</strong></span> <span class='ocrx_word' id='word_1_6' title='bbox 201 477 210 496; x_wconf 93' lang='lat'><strong>.</strong></span> <span class='ocrx_word' id='word_1_7' title='bbox 241 477 249 496; x_wconf 94' lang='lat'><strong>.</strong></span> <span class='ocrx_word' id='word_1_8' title='bbox 277 476 286 493; x_wconf 93' lang='lat'><strong>.</strong></span> <span class='ocrx_word' id='word_1_9' title='bbox 313 424 494 522; x_wconf 83' lang='lat' dir='ltr'><strong>Perperni</strong></span> <span class='ocrx_word' id='word_1_10' title='bbox 519 423 613 516; x_wconf 87' lang='lat' dir='ltr'><strong>lilia,</strong></span> <span class='ocrx_word' id='word_1_11' title='bbox 651 443 725 498; x_wconf 87' lang='lat' dir='ltr'><strong>non</strong></span> <span class='ocrx_word' id='word_1_12' title='bbox 747 425 946 522; x_wconf 76' lang='lat' dir='ltr'><strong>Perpernae</strong></span> <span class='ocrx_word' id='word_1_13' title='bbox 970 424 1165 524; x_wconf 77' lang='lat' dir='ltr'><strong>(Perperna</strong></span> <span class='ocrx_word' id='word_1_14' title='bbox 1176 464 1224 509; x_wconf 67' lang='lat'><strong>452</strong></span> 
     </span>
     <span class='ocr_line' id='line_1_3' title="bbox 45 521 1218 626; baseline 0 -24"><span class='ocrx_word' id='word_1_15' title='bbox 45 530 142 602; x_wconf 74' lang='lat' dir='ltr'><strong>enim*</strong></span> <span class='ocrx_word' id='word_1_16' title='bbox 168 527 322 603; x_wconf 85' lang='lat' dir='ltr'><strong>mulieris</strong></span> <span class='ocrx_word' id='word_1_17' title='bbox 349 523 492 626; x_wconf 81' lang='lat' dir='ltr'><strong>nomen)</strong></span> <span class='ocrx_word' id='word_1_18' title='bbox 515 552 589 600; x_wconf 86' lang='lat' dir='ltr'><strong>esse</strong></span> <span class='ocrx_word' id='word_1_19' title='bbox 616 524 743 600; x_wconf 82' lang='lat' dir='ltr'><strong>debuit.</strong></span> <span class='ocrx_word' id='word_1_20' title='bbox 761 537 795 602; x_wconf 88' lang='lat' dir='ltr'><strong>et</strong></span> <span class='ocrx_word' id='word_1_21' title='bbox 822 537 905 600; x_wconf 76' lang='lat' dir='ltr'><strong>neta</strong></span> <span class='ocrx_word' id='word_1_22' title='bbox 928 553 1006 603; x_wconf 84' lang='lat' dir='ltr'><strong>esse</strong></span> <span class='ocrx_word' id='word_1_23' title='bbox 1031 553 1052 599; x_wconf 89' lang='lat' dir='ltr'><strong>a</strong></span> <span class='ocrx_word' id='word_1_24' title='bbox 1077 521 1218 602; x_wconf 53' lang='lat' dir='ltr'><strong>Per-⁴*</strong></span> 
     </span>
     <span class='ocr_line' id='line_1_4' title="bbox 44 625 1168 728; baseline 0.001 -26"><span class='ocrx_word' id='word_1_25' title='bbox 44 657 163 728; x_wconf 87' lang='lat' dir='ltr'><strong>perne,</strong></span> <span class='ocrx_word' id='word_1_26' title='bbox 199 628 294 728; x_wconf 85' lang='lat' dir='ltr'><strong>quod</strong></span> <span class='ocrx_word' id='word_1_27' title='bbox 319 639 377 705; x_wconf 86' lang='lat' dir='ltr'><strong>est</strong></span> <span class='ocrx_word' id='word_1_28' title='bbox 397 625 441 701; x_wconf 79' lang='lat' dir='ltr'><strong>ut&#39;</strong></span> <span class='ocrx_word' id='word_1_29' title='bbox 459 627 675 720; x_wconf 82' lang='lat' dir='ltr'><strong>Arvernus,</strong></span> <span class='ocrx_word' id='word_1_30' title='bbox 694 626 910 722; x_wconf 88' lang='lat' dir='ltr'><strong>Percelnus,</strong></span> <span class='ocrx_word' id='word_1_31' title='bbox 946 629 1168 726; x_wconf 80' lang='lat' dir='ltr'><strong>Perpernus3</strong></span> 
     </span>
     <span class='ocr_line' id='line_1_5' title="bbox 43 712 1170 828; baseline -0.004 -24"><span class='ocrx_word' id='word_1_32' title='bbox 43 729 215 824; x_wconf 75' lang='lat' dir='ltr'><strong>Arverna,</strong></span> <span class='ocrx_word' id='word_1_33' title='bbox 244 712 435 820; x_wconf 68' lang='lat' dir='ltr'><strong>Percelna,</strong></span> <span class='ocrx_word' id='word_1_34' title='bbox 470 730 663 828; x_wconf 79' lang='lat' dir='ltr'><strong>Perperna.</strong></span> <span class='ocrx_word' id='word_1_35' title='bbox 716 728 823 820; x_wconf 78' lang='lat' dir='ltr'><strong>Quod</strong></span> <span class='ocrx_word' id='word_1_36' title='bbox 846 733 878 802; x_wconf 92' lang='lat' dir='ltr'><strong>si</strong></span> <span class='ocrx_word' id='word_1_37' title='bbox 900 729 1045 804; x_wconf 79' lang='lat' dir='ltr'><strong>Marcus</strong></span> <span class='ocrx_word' id='word_1_38' title='bbox 1068 732 1170 804; x_wconf 69' lang='lat' dir='ltr'><strong>Per.-</strong></span> 
     </span>
     <span class='ocr_line' id='line_1_6' title="bbox 44 829 1172 930; baseline 0.002 -26"><span class='ocrx_word' id='word_1_39' title='bbox 44 860 174 929; x_wconf 83' lang='lat' dir='ltr'><strong>perna</strong></span> <span class='ocrx_word' id='word_1_40' title='bbox 199 832 299 904; x_wconf 83' lang='lat' dir='ltr'><strong>virile</strong></span> <span class='ocrx_word' id='word_1_41' title='bbox 323 843 375 904; x_wconf 89' lang='lat' dir='ltr'><strong>est</strong></span> <span class='ocrx_word' id='word_1_42' title='bbox 400 857 528 903; x_wconf 89' lang='lat' dir='ltr'><strong>nomen</strong></span> <span class='ocrx_word' id='word_1_43' title='bbox 550 843 586 906; x_wconf 90' lang='lat' dir='ltr'><strong>et</strong></span> <span class='ocrx_word' id='word_1_44' title='bbox 610 829 770 930; x_wconf 74' lang='lat' dir='ltr'><strong>analogia</strong></span> <span class='ocrx_word' id='word_1_45' title='bbox 803 833 1001 930; x_wconf 83' lang='lat' dir='ltr'><strong>sequenda,</strong></span> <span class='ocrx_word' id='word_1_46' title='bbox 1035 833 1172 906; x_wconf 83' lang='lat' dir='ltr'><strong>Lucius</strong></span> 
     </span>
     <span class='ocr_line' id='line_1_7' title="bbox 43 931 1163 1028; baseline -0.001 -22"><span class='ocrx_word' id='word_1_47' title='bbox 43 931 138 1006; x_wconf 80' lang='lat' dir='ltr'><strong>Aelia</strong></span> <span class='ocrx_word' id='word_1_48' title='bbox 164 947 198 1010; x_wconf 88' lang='lat' dir='ltr'><strong>et</strong></span> <span class='ocrx_word' id='word_1_49' title='bbox 228 933 384 1028; x_wconf 83' lang='lat' dir='ltr'><strong>Quintus</strong></span> <span class='ocrx_word' id='word_1_50' title='bbox 409 933 524 1006; x_wconf 87' lang='lat' dir='ltr'><strong>Mutia</strong></span> <span class='ocrx_word' id='word_1_51' title='bbox 549 933 662 1006; x_wconf 80' lang='lat' dir='ltr'><strong>virilia</strong></span> <span class='ocrx_word' id='word_1_52' title='bbox 697 935 837 1004; x_wconf 82' lang='lat' dir='ltr'><strong>nomine</strong></span> <span class='ocrx_word' id='word_1_53' title='bbox 864 959 940 1006; x_wconf 86' lang='lat' dir='ltr'><strong>csse</strong></span> <span class='ocrx_word' id='word_1_54' title='bbox 974 933 1163 1007; x_wconf 87' lang='lat' dir='ltr'><strong>debebunt.</strong></span> 
     </span>
     <span class='ocr_line' id='line_1_8' title="bbox 43 1032 1227 1135; baseline 0.007 -29"><span class='ocrx_word' id='word_1_55' title='bbox 43 1036 123 1107; x_wconf 88' lang='lat' dir='ltr'><strong>Item</strong></span> <span class='ocrx_word' id='word_1_56' title='bbox 144 1062 234 1135; x_wconf 86' lang='lat' dir='ltr'><strong>quae</strong></span> <span class='ocrx_word' id='word_1_57' title='bbox 257 1037 378 1108; x_wconf 90' lang='lat' dir='ltr'><strong>dicunt</strong></span> <span class='ocrx_word' id='word_1_58' title='bbox 399 1033 444 1107; x_wconf 82' lang='lat' dir='ltr'><strong>alr</strong></span> <span class='ocrx_word' id='word_1_59' title='bbox 464 1035 613 1128; x_wconf 84' lang='lat' dir='ltr'><strong>Rhodo,</strong></span> <span class='ocrx_word' id='word_1_60' title='bbox 640 1032 790 1126; x_wconf 74' lang='lat' dir='ltr'><strong>Andro,</strong></span> <span class='ocrx_word' id='word_1_61' title='bbox 817 1032 964 1133; x_wconf 76' lang='lat' dir='ltr'><strong>Cyzico,</strong></span> <span class='ocrx_word' id='word_1_62' title='bbox 990 1034 1166 1129; x_wconf 86' lang='lat' dir='ltr'><strong>Rhodius,</strong></span> <span class='ocrx_word' id='word_1_63' title='bbox 1179 1074 1227 1117; x_wconf 72' lang='lat' dir='ltr'><strong>nr</strong></span> 
     </span>
     <span class='ocr_line' id='line_1_9' title="bbox 42 1132 1244 1238; baseline 0.006 -31"><span class='ocrx_word' id='word_1_64' title='bbox 42 1135 214 1230; x_wconf 76' lang='lat' dir='ltr'><strong>Andrias,</strong></span> <span class='ocrx_word' id='word_1_65' title='bbox 252 1137 467 1238; x_wconf 80' lang='lat' dir='ltr'><strong>Cyzicenus,</strong></span> <span class='ocrx_word' id='word_1_66' title='bbox 504 1138 664 1210; x_wconf 85' lang='lat' dir='ltr'><strong>similiter</strong></span> <span class='ocrx_word' id='word_1_67' title='bbox 694 1133 857 1235; x_wconf 76' lang='lat' dir='ltr'>Cyzicius</span> <span class='ocrx_word' id='word_1_68' title='bbox 886 1135 956 1208; x_wconf 90' lang='lat' dir='ltr'><strong>dici</strong></span> <span class='ocrx_word' id='word_1_69' title='bbox 989 1132 1244 1230; x_wconf 45' lang='lat' dir='ltr'><strong>debebat(</strong></span> 
     </span>
     <span class='ocr_line' id='line_1_10' title="bbox 41 1239 946 1338; baseline 0.002 -30"><span class='ocrx_word' id='word_1_70' title='bbox 41 1249 72 1310; x_wconf 88' lang='lat' dir='ltr'><strong>et</strong></span> <span class='ocrx_word' id='word_1_71' title='bbox 92 1240 157 1312; x_wconf 88' lang='lat' dir='ltr'><strong>sic*</strong></span> <span class='ocrx_word' id='word_1_72' title='bbox 181 1242 268 1313; x_wconf 87' lang='lat' dir='ltr'><strong>civis</strong></span> <span class='ocrx_word' id='word_1_73' title='bbox 293 1241 545 1338; x_wconf 83' lang='lat' dir='ltr'><strong>unusquisque.</strong></span> <span class='ocrx_word' id='word_1_74' title='bbox 598 1239 692 1311; x_wconf 86' lang='lat' dir='ltr'><strong>Nam</strong></span> <span class='ocrx_word' id='word_1_75' title='bbox 717 1248 791 1310; x_wconf 86' lang='lat' dir='ltr'><strong>ut.</strong></span> <span class='ocrx_word' id='word_1_76' title='bbox 819 1289 865 1308; x_wconf 95' lang='lat'><strong>..</strong></span> <span class='ocrx_word' id='word_1_77' title='bbox 944 1297 946 1302; x_wconf 94' lang='lat'><strong>.</strong></span> 
     </span>
    </p>

    <p class='ocr_par' dir='ltr' id='par_1_3' title="bbox 38 1355 1231 2376">
     <span class='ocr_line' id='line_1_11' title="bbox 273 1355 829 1412; baseline 0.004 -2"><span class='ocrx_word' id='word_1_78' title='bbox 273 1366 276 1374; x_wconf 90' lang='lat'>·</span> <span class='ocrx_word' id='word_1_79' title='bbox 354 1355 391 1410; x_wconf 69' lang='lat'><strong>³*</strong></span> <span class='ocrx_word' id='word_1_80' title='bbox 594 1371 615 1412; x_wconf 73' lang='lat' dir='ltr'><strong>e</strong></span> <span class='ocrx_word' id='word_1_81' title='bbox 666 1369 669 1379; x_wconf 87' lang='lat'><strong>·</strong></span> <span class='ocrx_word' id='word_1_82' title='bbox 808 1370 829 1411; x_wconf 85' lang='lat'><strong>*</strong></span> 
     </span>
     <span class='ocr_line' id='line_1_12' title="bbox 41 1453 1196 1561; baseline 0.003 -25"><span class='ocrx_word' id='word_1_83' title='bbox 41 1463 102 1538; x_wconf 80' lang='lat'><strong>82.</strong></span> <span class='ocrx_word' id='word_1_84' title='bbox 134 1521 144 1540; x_wconf 87' lang='lat'><strong>.</strong></span> <span class='ocrx_word' id='word_1_85' title='bbox 247 1521 256 1540; x_wconf 94' lang='lat'><strong>.</strong></span> <span class='ocrx_word' id='word_1_86' title='bbox 285 1464 490 1541; x_wconf 78' lang='lat' dir='ltr'><strong>Athenaeus</strong></span> <span class='ocrx_word' id='word_1_87' title='bbox 517 1469 644 1540; x_wconf 89' lang='lat' dir='ltr'><strong>dicitur</strong></span> <span class='ocrx_word' id='word_1_88' title='bbox 668 1469 788 1558; x_wconf 78' lang='lat' dir='ltr'><strong>rhetor</strong></span> <span class='ocrx_word' id='word_1_89' title='bbox 812 1467 972 1561; x_wconf 87' lang='lat' dir='ltr'><strong>numine,</strong></span> <span class='ocrx_word' id='word_1_90' title='bbox 1008 1467 1075 1539; x_wconf 87' lang='lat' dir='ltr'><strong>etsi</strong></span> <span class='ocrx_word' id='word_1_91' title='bbox 1100 1453 1196 1539; x_wconf 61' lang='lat' dir='ltr'><strong>nou&#39;</strong></span> 
     </span>
     <span class='ocr_line' id='line_1_13' title="bbox 40 1566 1173 1668; baseline 0.003 -31"><span class='ocrx_word' id='word_1_92' title='bbox 40 1568 78 1639; x_wconf 88' lang='lat' dir='ltr'><strong>sit</strong></span> <span class='ocrx_word' id='word_1_93' title='bbox 102 1566 359 1662; x_wconf 80' lang='lat' dir='ltr'><strong>Atheniensis,</strong></span> <span class='ocrx_word' id='word_1_94' title='bbox 390 1573 430 1662; x_wconf 88' lang='lat' dir='ltr'><strong>in</strong></span> <span class='ocrx_word' id='word_1_95' title='bbox 462 1568 531 1643; x_wconf 87' lang='lat' dir='ltr'><strong>hoc</strong></span> <span class='ocrx_word' id='word_1_96' title='bbox 565 1571 645 1667; x_wconf 91' lang='lat' dir='ltr'><strong>ipso</strong></span> <span class='ocrx_word' id='word_1_97' title='bbox 678 1569 838 1668; x_wconf 71' lang='lat' dir='ltr'><strong>analogia</strong></span> <span class='ocrx_word' id='word_1_98' title='bbox 870 1596 941 1643; x_wconf 93' lang='lat' dir='ltr'><strong>non</strong></span> <span class='ocrx_word' id='word_1_99' title='bbox 967 1578 1038 1641; x_wconf 86' lang='lat' dir='ltr'><strong>est:</strong></span> <span class='ocrx_word' id='word_1_100' title='bbox 1061 1567 1173 1665; x_wconf 66' lang='lat' dir='ltr'><strong>,quod</strong></span> 
     </span>
     <span class='ocr_line' id='line_1_14' title="bbox 39 1668 1168 1770; baseline 0.001 -31"><span class='ocrx_word' id='word_1_101' title='bbox 39 1669 91 1740; x_wconf 84' lang='lat' dir='ltr'><strong>alii</strong></span> <span class='ocrx_word' id='word_1_102' title='bbox 124 1674 266 1742; x_wconf 85' lang='lat' dir='ltr'><strong>nomina</strong></span> <span class='ocrx_word' id='word_1_103' title='bbox 303 1669 433 1744; x_wconf 84' lang='lat' dir='ltr'><strong>hubent</strong></span> <span class='ocrx_word' id='word_1_104' title='bbox 467 1671 511 1743; x_wconf 86' lang='lat' dir='ltr'><strong>ab</strong></span> <span class='ocrx_word' id='word_1_105' title='bbox 547 1672 712 1769; x_wconf 75' lang='lat' dir='ltr'><strong>oppidis3</strong></span> <span class='ocrx_word' id='word_1_106' title='bbox 747 1671 806 1742; x_wconf 84' lang='lat' dir='ltr'><strong>alii</strong></span> <span class='ocrx_word' id='word_1_107' title='bbox 841 1682 998 1743; x_wconf 88' lang='lat' dir='ltr'><strong>autnon</strong></span> <span class='ocrx_word' id='word_1_108' title='bbox 1025 1668 1168 1770; x_wconf 82' lang='lat' dir='ltr'><strong>hebent,</strong></span> 
     </span>
     <span class='ocr_line' id='line_1_15' title="bbox 38 1767 1172 1870; baseline 0.004 -31"><span class='ocrx_word' id='word_1_109' title='bbox 38 1783 186 1868; x_wconf 84' lang='lat' dir='ltr'><strong>autnon</strong></span> <span class='ocrx_word' id='word_1_110' title='bbox 218 1787 258 1846; x_wconf 95' lang='lat' dir='ltr'><strong>ut</strong></span> <span class='ocrx_word' id='word_1_111' title='bbox 283 1771 430 1864; x_wconf 87' lang='lat' dir='ltr'><strong>debent,</strong></span> <span class='ocrx_word' id='word_1_112' title='bbox 463 1771 605 1846; x_wconf 80' lang='lat' dir='ltr'><strong>hubent.</strong></span> <span class='ocrx_word' id='word_1_113' title='bbox 739 1769 808 1844; x_wconf 77' lang='grc'><strong>85.</strong></span> <span class='ocrx_word' id='word_1_114' title='bbox 843 1772 988 1845; x_wconf 80' lang='lat' dir='ltr'><strong>Habent</strong></span> <span class='ocrx_word' id='word_1_115' title='bbox 1013 1767 1172 1870; x_wconf 80' lang='lat' dir='ltr'><strong>plerique</strong></span> 
     </span>
     <span class='ocr_line' id='line_1_16' title="bbox 38 1868 1173 1971; baseline 0.003 -31"><span class='ocrx_word' id='word_1_116' title='bbox 38 1868 185 1947; x_wconf 88' lang='lat' dir='ltr'><strong>libertini</strong></span> <span class='ocrx_word' id='word_1_117' title='bbox 218 1901 239 1946; x_wconf 89' lang='lat' dir='ltr'><strong>a</strong></span> <span class='ocrx_word' id='word_1_118' title='bbox 274 1876 465 1971; x_wconf 86' lang='lat' dir='ltr'><strong>municipio</strong></span> <span class='ocrx_word' id='word_1_119' title='bbox 496 1875 723 1969; x_wconf 78' lang='lat' dir='ltr'><strong>manumissi3</strong></span> <span class='ocrx_word' id='word_1_120' title='bbox 768 1875 805 1944; x_wconf 92' lang='lat' dir='ltr'><strong>in</strong></span> <span class='ocrx_word' id='word_1_121' title='bbox 830 1899 922 1971; x_wconf 90' lang='lat' dir='ltr'><strong>quo,</strong></span> <span class='ocrx_word' id='word_1_122' title='bbox 958 1884 1000 1944; x_wconf 91' lang='lat' dir='ltr'><strong>ut</strong></span> <span class='ocrx_word' id='word_1_123' title='bbox 1024 1874 1173 1946; x_wconf 84' lang='lat' dir='ltr'><strong>socictu·</strong></span> 
     </span>
     <span class='ocr_line' id='line_1_17' title="bbox 38 1975 1183 2073; baseline 0.003 -32"><span class='ocrx_word' id='word_1_124' title='bbox 38 1983 105 2046; x_wconf 83' lang='lat' dir='ltr'><strong>tum</strong></span> <span class='ocrx_word' id='word_1_125' title='bbox 127 1985 163 2050; x_wconf 89' lang='lat' dir='ltr'><strong>ct</strong></span> <span class='ocrx_word' id='word_1_126' title='bbox 185 1975 357 2060; x_wconf 72' lang='lat' dir='ltr'><strong>lenonum¹</strong></span> <span class='ocrx_word' id='word_1_127' title='bbox 374 1977 480 2068; x_wconf 81' lang='lat' dir='ltr'><strong>serui,</strong></span> <span class='ocrx_word' id='word_1_128' title='bbox 508 2003 583 2066; x_wconf 84' lang='lat' dir='ltr'><strong>non</strong></span> <span class='ocrx_word' id='word_1_129' title='bbox 607 1978 792 2048; x_wconf 77' lang='lat' dir='ltr'><strong>servarunt</strong></span> <span class='ocrx_word' id='word_1_130' title='bbox 814 1977 1040 2073; x_wconf 84' lang='lat' dir='ltr'><strong>proportione</strong></span> <span class='ocrx_word' id='word_1_131' title='bbox 1062 1975 1183 2046; x_wconf 75' lang='lat' dir='ltr'><strong>ratio·¹</strong></span> 
     </span>
     <span class='ocr_line' id='line_1_18' title="bbox 41 2076 1231 2168; baseline 0.003 -26"><span class='ocrx_word' id='word_1_132' title='bbox 41 2099 126 2146; x_wconf 91' lang='lat' dir='ltr'><strong>uem.</strong></span> <span class='ocrx_word' id='word_1_133' title='bbox 200 2079 252 2150; x_wconf 84' lang='lat' dir='ltr'><strong>Et</strong></span> <span class='ocrx_word' id='word_1_134' title='bbox 283 2079 523 2149; x_wconf 75' lang='lat' dir='ltr'><strong>Romanunm</strong></span> <span class='ocrx_word' id='word_1_135' title='bbox 560 2077 675 2148; x_wconf 81' lang='lat' dir='ltr'><strong>liberti</strong></span> <span class='ocrx_word' id='word_1_136' title='bbox 718 2076 913 2150; x_wconf 84' lang='lat' dir='ltr'><strong>debuerunt</strong></span> <span class='ocrx_word' id='word_1_137' title='bbox 946 2076 1038 2167; x_wconf 86' lang='lat' dir='ltr'><strong>dici,</strong></span> <span class='ocrx_word' id='word_1_138' title='bbox 1081 2086 1120 2146; x_wconf 92' lang='lat' dir='ltr'><strong>ut</strong></span> <span class='ocrx_word' id='word_1_139' title='bbox 1149 2100 1231 2168; x_wconf 69' lang='lat'><strong>³454</strong></span> 
     </span>
     <span class='ocr_line' id='line_1_19' title="bbox 40 2172 1224 2272; baseline 0.004 -29"><span class='ocrx_word' id='word_1_140' title='bbox 40 2172 205 2251; x_wconf 81' lang='lat' dir='ltr'><strong>Faventia</strong></span> <span class='ocrx_word' id='word_1_141' title='bbox 229 2177 469 2272; x_wconf 76' lang='lat' dir='ltr'><strong>Fauentinus,</strong></span> <span class='ocrx_word' id='word_1_142' title='bbox 486 2179 546 2252; x_wconf 63' lang='lat' dir='ltr'><strong>fib</strong></span> <span class='ocrx_word' id='word_1_143' title='bbox 573 2181 685 2252; x_wconf 84' lang='lat' dir='ltr'><strong>Reate</strong></span> <span class='ocrx_word' id='word_1_144' title='bbox 710 2179 903 2272; x_wconf 80' lang='lat' dir='ltr'><strong>Reatinus,</strong></span> <span class='ocrx_word' id='word_1_145' title='bbox 930 2181 982 2250; x_wconf 89' lang='lat' dir='ltr'><strong>sic</strong></span> <span class='ocrx_word' id='word_1_146' title='bbox 1008 2203 1030 2249; x_wconf 87' lang='lat' dir='ltr'><strong>a</strong></span> <span class='ocrx_word' id='word_1_147' title='bbox 1054 2178 1224 2250; x_wconf 58' lang='lat' dir='ltr'><strong>Roma*</strong></span> 
     </span>
     <span class='ocr_line' id='line_1_20' title="bbox 40 2273 1231 2376; baseline 0.002 -30"><span class='ocrx_word' id='word_1_148' title='bbox 40 2275 229 2354; x_wconf 80' lang='lat' dir='ltr'><strong>Romanus.</strong></span> <span class='ocrx_word' id='word_1_149' title='bbox 271 2277 326 2352; x_wconf 79' lang='lat' dir='ltr'><strong>At</strong></span> <span class='ocrx_word' id='word_1_150' title='bbox 340 2283 561 2353; x_wconf 87' lang='lat' dir='ltr'><strong>nominantur</strong></span> <span class='ocrx_word' id='word_1_151' title='bbox 576 2273 729 2352; x_wconf 81' lang='lat' dir='ltr'><strong>libertini</strong></span> <span class='ocrx_word' id='word_1_152' title='bbox 746 2282 813 2352; x_wconf 84' lang='lat' dir='ltr'><strong>orti</strong></span> <span class='ocrx_word' id='word_1_153' title='bbox 827 2305 848 2350; x_wconf 87' lang='lat' dir='ltr'><strong>a</strong></span> <span class='ocrx_word' id='word_1_154' title='bbox 871 2279 1023 2376; x_wconf 87' lang='lat' dir='ltr'><strong>puhlicis</strong></span> <span class='ocrx_word' id='word_1_155' title='bbox 1041 2281 1164 2370; x_wconf 89' lang='lat' dir='ltr'><strong>servis,</strong></span> <span class='ocrx_word' id='word_1_156' title='bbox 1179 2317 1231 2368; x_wconf 80' lang='lat'><strong>125</strong></span> 
     </span>
    </p>
   </div>
   <div class='ocr_carea' id='block_1_3' title="bbox 40 2375 1168 2480">
    <p class='ocr_par' dir='ltr' id='par_1_4' title="bbox 40 2375 1168 2480">
     <span class='ocr_line' id='line_1_21' title="bbox 40 2375 1168 2480; baseline -0.003 -28"><span class='ocrx_word' id='word_1_157' title='bbox 40 2375 305 2480; x_wconf 77' lang='lat' dir='ltr'><strong>Romanenses*,</strong></span> <span class='ocrx_word' id='word_1_158' title='bbox 330 2379 396 2480; x_wconf 72' lang='lat' dir='ltr'><strong>qui</strong></span> <span class='ocrx_word' id='word_1_159' title='bbox 414 2382 642 2474; x_wconf 71' lang='lat' dir='ltr'><strong>manumissi,</strong></span> <span class='ocrx_word' id='word_1_160' title='bbox 667 2392 748 2454; x_wconf 87' lang='lat' dir='ltr'><strong>ante</strong></span> <span class='ocrx_word' id='word_1_161' title='bbox 774 2405 879 2478; x_wconf 86' lang='lat' dir='ltr'><strong>quam</strong></span> <span class='ocrx_word' id='word_1_162' title='bbox 899 2378 966 2452; x_wconf 91' lang='lat' dir='ltr'><strong>sub</strong></span> <span class='ocrx_word' id='word_1_163' title='bbox 988 2381 1168 2478; x_wconf 79' lang='lat' dir='ltr'><strong>magistre·</strong></span> 
     </span>
    </p>
   </div>
   <div class='ocr_carea' id='block_1_4' title="bbox 42 2572 1255 3239">
    <p class='ocr_par' dir='ltr' id='par_1_5' title="bbox 42 2572 1255 3239">
     <span class='ocr_line' id='line_1_22' title="bbox 104 2572 1171 2654; baseline -0.002 -18"><span class='ocrx_word' id='word_1_164' title='bbox 104 2611 106 2618; x_wconf 95' lang='lat'>·</span> <span class='ocrx_word' id='word_1_165' title='bbox 145 2572 202 2636; x_wconf 73' lang='lat' dir='ltr'><strong>¹Sl.</strong></span> <span class='ocrx_word' id='word_1_166' title='bbox 229 2585 368 2654; x_wconf 83' lang='lat' dir='ltr'><strong>Perpernr]</strong></span> <span class='ocrx_word' id='word_1_167' title='bbox 386 2599 437 2652; x_wconf 63' lang='lat' dir='ltr'><strong>vg.</strong></span> <span class='ocrx_word' id='word_1_168' title='bbox 472 2584 605 2654; x_wconf 84' lang='lat' dir='ltr'><strong>Perpenni</strong></span> <span class='ocrx_word' id='word_1_169' title='bbox 623 2583 699 2640; x_wconf 84' lang='lat' dir='ltr'><strong>codd.</strong></span> <span class='ocrx_word' id='word_1_170' title='bbox 742 2581 779 2638; x_wconf 77' lang='lat' dir='ltr'><strong>lit</strong></span> <span class='ocrx_word' id='word_1_171' title='bbox 802 2584 893 2637; x_wconf 88' lang='lat' dir='ltr'><strong>itidem</strong></span> <span class='ocrx_word' id='word_1_172' title='bbox 916 2583 943 2636; x_wconf 89' lang='lat' dir='ltr'><strong>in</strong></span> <span class='ocrx_word' id='word_1_173' title='bbox 968 2597 1040 2649; x_wconf 81' lang='lat' dir='ltr'><strong>scqq;</strong></span> <span class='ocrx_word' id='word_1_174' title='bbox 1066 2581 1171 2650; x_wconf 87' lang='lat' dir='ltr'><strong>ubique.</strong></span> 
     </span>
     <span class='ocr_line' id='line_1_23' title="bbox 42 2647 1169 2731; baseline 0.001 -26"><span class='ocrx_word' id='word_1_175' title='bbox 42 2647 101 2728; x_wconf 83' lang='lat' dir='ltr'><strong>Illud</strong></span> <span class='ocrx_word' id='word_1_176' title='bbox 119 2659 254 2712; x_wconf 84' lang='lat' dir='ltr'><strong>titulorum</strong></span> <span class='ocrx_word' id='word_1_177' title='bbox 279 2663 306 2709; x_wconf 89' lang='lat' dir='ltr'><strong>et</strong></span> <span class='ocrx_word' id='word_1_178' title='bbox 324 2665 459 2710; x_wconf 85' lang='lat' dir='ltr'><strong>uumornnr</strong></span> <span class='ocrx_word' id='word_1_179' title='bbox 475 2657 536 2717; x_wconf 83' lang='lat' dir='ltr'><strong>¹tide</strong></span> <span class='ocrx_word' id='word_1_180' title='bbox 558 2658 749 2731; x_wconf 82' lang='lat' dir='ltr'><strong>comprobatur.</strong></span> <span class='ocrx_word' id='word_1_181' title='bbox 899 2653 991 2721; x_wconf 77' lang='grc' dir='ltr'><em>εηίιηἾ</em></span> <span class='ocrx_word' id='word_1_182' title='bbox 1011 2665 1070 2706; x_wconf 87' lang='lat' dir='ltr'><strong>cunr</strong></span> <span class='ocrx_word' id='word_1_183' title='bbox 1088 2655 1169 2706; x_wconf 90' lang='lat' dir='ltr'><strong>Henr.</strong></span> 
     </span>
     <span class='ocr_line' id='line_1_24' title="bbox 43 2721 1171 2804; baseline 0.004 -30"><span class='ocrx_word' id='word_1_184' title='bbox 43 2721 167 2801; x_wconf 65' lang='lat' dir='ltr'><strong>§tephano</strong></span> <span class='ocrx_word' id='word_1_185' title='bbox 187 2728 333 2783; x_wconf 76' lang='lat' dir='ltr'><strong>addendam</strong></span> <span class='ocrx_word' id='word_1_186' title='bbox 350 2729 434 2794; x_wconf 72' lang='lat' dir='ltr'><strong>erit,</strong></span> <span class='ocrx_word' id='word_1_187' title='bbox 448 2728 501 2804; x_wconf 50' lang='lat' dir='ltr'><strong>autss</strong></span> <span class='ocrx_word' id='word_1_188' title='bbox 512 2729 611 2795; x_wconf 87' lang='lat' dir='ltr'><strong>omnia,</strong></span> <span class='ocrx_word' id='word_1_189' title='bbox 635 2745 703 2797; x_wconf 87' lang='lat' dir='ltr'><strong>quae</strong></span> <span class='ocrx_word' id='word_1_190' title='bbox 720 2724 897 2800; x_wconf 87' lang='lat' dir='ltr'><strong>purenthetice</strong></span> <span class='ocrx_word' id='word_1_191' title='bbox 914 2727 1011 2796; x_wconf 83' lang='lat' dir='ltr'><strong>scripte</strong></span> <span class='ocrx_word' id='word_1_192' title='bbox 1029 2730 1103 2792; x_wconf 86' lang='lat' dir='ltr'><strong>sunt,</strong></span> <span class='ocrx_word' id='word_1_193' title='bbox 1122 2742 1171 2793; x_wconf 87' lang='lat' dir='ltr'><strong>pro</strong></span> 
     </span>
     <span class='ocr_line' id='line_1_25' title="bbox 43 2795 1255 2872; baseline 0.002 -27"><span class='ocrx_word' id='word_1_194' title='bbox 43 2795 150 2852; x_wconf 71' lang='lat' dir='ltr'><strong>insitiens</strong></span> <span class='ocrx_word' id='word_1_195' title='bbox 171 2800 301 2855; x_wconf 77' lang='lat' dir='ltr'><strong>trahenda.</strong></span> <span class='ocrx_word' id='word_1_196' title='bbox 425 2799 579 2866; x_wconf 72' lang='lat' dir='ltr'><strong>Arvernus]</strong></span> <span class='ocrx_word' id='word_1_197' title='bbox 598 2807 624 2854; x_wconf 89' lang='lat' dir='ltr'><strong>et</strong></span> <span class='ocrx_word' id='word_1_198' title='bbox 643 2801 781 2872; x_wconf 80' lang='lat' dir='ltr'><strong>Aroema]</strong></span> <span class='ocrx_word' id='word_1_199' title='bbox 800 2799 866 2853; x_wconf 86' lang='lat' dir='ltr'><strong>coni.</strong></span> <span class='ocrx_word' id='word_1_200' title='bbox 885 2797 986 2867; x_wconf 75' lang='lat' dir='ltr'><strong>scripsi.</strong></span> <span class='ocrx_word' id='word_1_201' title='bbox 1029 2795 1171 2856; x_wconf 78' lang='lat' dir='ltr'><strong>Arbernus</strong></span> <span class='ocrx_word' id='word_1_202' title='bbox 1249 2815 1255 2830; x_wconf 91' lang='grc'>·</span> 
     </span>
     <span class='ocr_line' id='line_1_26' title="bbox 43 2867 1171 2940; baseline 0.003 -24"><span class='ocrx_word' id='word_1_203' title='bbox 43 2868 66 2913; x_wconf 75' lang='lat' dir='ltr'><strong>tt</strong></span> <span class='ocrx_word' id='word_1_204' title='bbox 82 2868 207 2923; x_wconf 85' lang='lat' dir='ltr'><strong>Arberna</strong></span> <span class='ocrx_word' id='word_1_205' title='bbox 226 2870 340 2940; x_wconf 79' lang='lat' dir='ltr'><strong>(ardena</strong></span> <span class='ocrx_word' id='word_1_206' title='bbox 353 2869 398 2924; x_wconf 53' lang='lat' dir='ltr'><strong>H.</strong></span> <span class='ocrx_word' id='word_1_207' title='bbox 426 2868 537 2922; x_wconf 73' lang='lat' dir='ltr'><strong>alterna</strong></span> <span class='ocrx_word' id='word_1_208' title='bbox 552 2867 594 2939; x_wconf 75' lang='lat' dir='ltr'><strong>a)</strong></span> <span class='ocrx_word' id='word_1_209' title='bbox 611 2871 687 2926; x_wconf 83' lang='lat' dir='ltr'><strong>codd.</strong></span> <span class='ocrx_word' id='word_1_210' title='bbox 821 2869 976 2936; x_wconf 84' lang='lat' dir='ltr'><strong>Percelnus]</strong></span> <span class='ocrx_word' id='word_1_211' title='bbox 990 2868 1077 2921; x_wconf 59' lang='lat' dir='ltr'><strong>FGas</strong></span> <span class='ocrx_word' id='word_1_212' title='bbox 1100 2871 1171 2919; x_wconf 84' lang='lat' dir='ltr'><strong>Pro·</strong></span> 
     </span>
     <span class='ocr_line' id='line_1_27' title="bbox 43 2932 1170 3018; baseline 0.003 -33"><span class='ocrx_word' id='word_1_213' title='bbox 43 2932 124 3018; x_wconf 67' lang='lat' dir='ltr'><strong>cflnus</strong></span> <span class='ocrx_word' id='word_1_214' title='bbox 141 2942 178 2996; x_wconf 88' lang='lat' dir='ltr'><strong>H.</strong></span> <span class='ocrx_word' id='word_1_215' title='bbox 205 2954 232 2998; x_wconf 91' lang='lat' dir='ltr'><strong>et</strong></span> <span class='ocrx_word' id='word_1_216' title='bbox 249 2945 287 2997; x_wconf 87' lang='lat' dir='ltr'><strong>sic</strong></span> <span class='ocrx_word' id='word_1_217' title='bbox 305 2947 404 3011; x_wconf 87' lang='lat' dir='ltr'><strong>postea.</strong></span> <span class='ocrx_word' id='word_1_218' title='bbox 446 2941 548 2994; x_wconf 87' lang='lat' dir='ltr'><strong>Nomen</strong></span> <span class='ocrx_word' id='word_1_219' title='bbox 571 2943 723 3011; x_wconf 86' lang='lat' dir='ltr'><strong>obscurum,</strong></span> <span class='ocrx_word' id='word_1_220' title='bbox 747 2944 790 2996; x_wconf 90' lang='lat' dir='ltr'><strong>oui</strong></span> <span class='ocrx_word' id='word_1_221' title='bbox 807 2941 996 2996; x_wconf 86' lang='lat' dir='ltr'><strong>substituissenr</strong></span> <span class='ocrx_word' id='word_1_222' title='bbox 1013 2939 1170 3003; x_wconf 75' lang='lat' dir='ltr'><strong>Privernas,</strong></span> 
     </span>
     <span class='ocr_line' id='line_1_28' title="bbox 43 3006 1169 3076; baseline -0.002 -14"><span class='ocrx_word' id='word_1_223' title='bbox 43 3017 61 3053; x_wconf 74' lang='lat'><strong>¹¹</strong></span> <span class='ocrx_word' id='word_1_224' title='bbox 84 3007 115 3062; x_wconf 91' lang='lat' dir='ltr'><strong>de</strong></span> <span class='ocrx_word' id='word_1_225' title='bbox 138 3011 187 3068; x_wconf 88' lang='lat' dir='ltr'><strong>hac</strong></span> <span class='ocrx_word' id='word_1_226' title='bbox 212 3015 321 3068; x_wconf 87' lang='lat' dir='ltr'><strong>nominis</strong></span> <span class='ocrx_word' id='word_1_227' title='bbox 345 3013 429 3066; x_wconf 84' lang='lat' dir='ltr'><strong>torma</strong></span> <span class='ocrx_word' id='word_1_228' title='bbox 451 3015 515 3066; x_wconf 86' lang='lat' dir='ltr'><strong>satis</strong></span> <span class='ocrx_word' id='word_1_229' title='bbox 544 3020 682 3067; x_wconf 80' lang='lat' dir='ltr'><strong>consistet.</strong></span> <span class='ocrx_word' id='word_1_230' title='bbox 833 3009 969 3076; x_wconf 64' lang='lat' dir='ltr'><strong>debebant]</strong></span> <span class='ocrx_word' id='word_1_231' title='bbox 988 3009 1054 3062; x_wconf 91' lang='lat' dir='ltr'><strong>coni.</strong></span> <span class='ocrx_word' id='word_1_232' title='bbox 1074 3006 1169 3060; x_wconf 81' lang='lat' dir='ltr'><strong>rddidi.</strong></span> 
     </span>
     <span class='ocr_line' id='line_1_29' title="bbox 44 3073 1168 3239; baseline 0.007 -117"><span class='ocrx_word' id='word_1_233' title='bbox 44 3073 110 3128; x_wconf 83' lang='lat' dir='ltr'><strong>debet</strong></span> <span class='ocrx_word' id='word_1_234' title='bbox 126 3085 374 3239; x_wconf 49' lang='lat' dir='ltr'><strong>confflengelius.</strong></span> <span class='ocrx_word' id='word_1_235' title='bbox 480 3083 531 3135; x_wconf 71' lang='lat' dir='ltr'><strong>sic*</strong></span> <span class='ocrx_word' id='word_1_236' title='bbox 544 3084 621 3152; x_wconf 83' lang='lat' dir='ltr'><strong>civis]</strong></span> <span class='ocrx_word' id='word_1_237' title='bbox 635 3086 703 3138; x_wconf 87' lang='lat' dir='ltr'><strong>coni.</strong></span> <span class='ocrx_word' id='word_1_238' title='bbox 716 3084 815 3152; x_wconf 84' lang='lat' dir='ltr'><strong>scripsi.</strong></span> <span class='ocrx_word' id='word_1_239' title='bbox 841 3080 908 3132; x_wconf 80' lang='lat' dir='ltr'><strong>civis</strong></span> <span class='ocrx_word' id='word_1_240' title='bbox 921 3081 994 3133; x_wconf 76' lang='lat' dir='ltr'><strong>Fer.</strong></span> <span class='ocrx_word' id='word_1_241' title='bbox 1023 3078 1119 3131; x_wconf 78' lang='lat' dir='ltr'><strong>circius</strong></span> <span class='ocrx_word' id='word_1_242' title='bbox 1132 3079 1168 3132; x_wconf 86' lang='lat' dir='ltr'><strong>H.</strong></span> 
     </span>
    </p>
   </div>
   <div class='ocr_carea' id='block_1_5' title="bbox 42 3170 1170 3655">
    <p class='ocr_par' dir='ltr' id='par_1_6' title="bbox 42 3170 1170 3655">
     <span class='ocr_line' id='line_1_30' title="bbox 149 3170 1170 3237; baseline 0 -15"><span class='ocrx_word' id='word_1_243' title='bbox 149 3177 174 3222; x_wconf 90' lang='lat' dir='ltr'><em>L</em></span> <span class='ocrx_word' id='word_1_244' title='bbox 250 3193 267 3224; x_wconf 88' lang='grc' dir='ltr'><em>α</em></span> <span class='ocrx_word' id='word_1_245' title='bbox 294 3175 371 3227; x_wconf 82' lang='lat' dir='ltr'><strong>etiarn</strong></span> <span class='ocrx_word' id='word_1_246' title='bbox 396 3173 421 3227; x_wconf 85' lang='lat' dir='ltr'><strong>n.</strong></span> <span class='ocrx_word' id='word_1_247' title='bbox 440 3175 458 3228; x_wconf 90' lang='lat' dir='ltr'><strong>l.</strong></span> <span class='ocrx_word' id='word_1_248' title='bbox 477 3175 599 3227; x_wconf 85' lang='lat' dir='ltr'><strong>nonnulla</strong></span> <span class='ocrx_word' id='word_1_249' title='bbox 622 3174 798 3237; x_wconf 82' lang='lat' dir='ltr'><strong>intercidisse,</strong></span> <span class='ocrx_word' id='word_1_250' title='bbox 825 3170 938 3223; x_wconf 86' lang='lat' dir='ltr'><strong>ostendit</strong></span> <span class='ocrx_word' id='word_1_251' title='bbox 960 3175 1016 3222; x_wconf 88' lang='lat' dir='ltr'><strong>tum</strong></span> <span class='ocrx_word' id='word_1_252' title='bbox 1039 3175 1170 3222; x_wconf 79' lang='lat' dir='ltr'><strong>structure</strong></span> 
     </span>
     <span class='ocr_line' id='line_1_31' title="bbox 42 3231 1168 3316; baseline -0.003 -21"><span class='ocrx_word' id='word_1_253' title='bbox 42 3231 111 3316; x_wconf 54' lang='lat' dir='ltr'><strong>ilitio</strong></span> <span class='ocrx_word' id='word_1_254' title='bbox 134 3238 234 3312; x_wconf 87' lang='lat' dir='ltr'><strong>hiulca,</strong></span> <span class='ocrx_word' id='word_1_255' title='bbox 258 3252 312 3300; x_wconf 87' lang='lat' dir='ltr'><strong>tun</strong></span> <span class='ocrx_word' id='word_1_256' title='bbox 335 3246 516 3314; x_wconf 79' lang='lat' dir='ltr'><strong>disputationis</strong></span> <span class='ocrx_word' id='word_1_257' title='bbox 540 3247 619 3310; x_wconf 89' lang='lat' dir='ltr'><strong>ordo,</strong></span> <span class='ocrx_word' id='word_1_258' title='bbox 645 3247 688 3312; x_wconf 92' lang='lat' dir='ltr'><strong>qui</strong></span> <span class='ocrx_word' id='word_1_259' title='bbox 707 3244 731 3298; x_wconf 87' lang='lat' dir='ltr'><strong>lr.</strong></span> <span class='ocrx_word' id='word_1_260' title='bbox 751 3246 768 3297; x_wconf 88' lang='lat' dir='ltr'><strong>i.</strong></span> <span class='ocrx_word' id='word_1_261' title='bbox 787 3243 872 3296; x_wconf 86' lang='lat' dir='ltr'><strong>nullus</strong></span> <span class='ocrx_word' id='word_1_262' title='bbox 889 3248 937 3295; x_wconf 82' lang='lat' dir='ltr'><strong>eat.</strong></span> <span class='ocrx_word' id='word_1_263' title='bbox 980 3241 1039 3294; x_wconf 91' lang='lat' dir='ltr'><strong>Non</strong></span> <span class='ocrx_word' id='word_1_264' title='bbox 1069 3240 1168 3306; x_wconf 88' lang='lat' dir='ltr'><strong>dubito,</strong></span> 
     </span>
     <span class='ocr_line' id='line_1_32' title="bbox 43 3310 1170 3383; baseline -0.002 -17"><span class='ocrx_word' id='word_1_265' title='bbox 43 3314 97 3364; x_wconf 72' lang='lat' dir='ltr'>‘1¹1¹ss</span> <span class='ocrx_word' id='word_1_266' title='bbox 115 3310 231 3370; x_wconf 86' lang='lat' dir='ltr'><strong>Cratetei</strong></span> <span class='ocrx_word' id='word_1_267' title='bbox 249 3318 301 3382; x_wconf 89' lang='lat' dir='ltr'><strong>illi,</strong></span> <span class='ocrx_word' id='word_1_268' title='bbox 319 3333 384 3383; x_wconf 85' lang='lat' dir='ltr'><strong>quos</strong></span> <span class='ocrx_word' id='word_1_269' title='bbox 402 3319 536 3382; x_wconf 84' lang='lat' dir='ltr'><strong>loquentes</strong></span> <span class='ocrx_word' id='word_1_270' title='bbox 553 3317 653 3370; x_wconf 87' lang='lat' dir='ltr'><strong>inducit</strong></span> <span class='ocrx_word' id='word_1_271' title='bbox 673 3318 770 3380; x_wconf 86' lang='lat' dir='ltr'><strong>Verre,</strong></span> <span class='ocrx_word' id='word_1_272' title='bbox 793 3315 903 3382; x_wconf 86' lang='lat' dir='ltr'><strong>primunr</strong></span> <span class='ocrx_word' id='word_1_273' title='bbox 922 3313 1121 3382; x_wconf 78' lang='lat' dir='ltr'><strong>postulaverint,</strong></span> <span class='ocrx_word' id='word_1_274' title='bbox 1139 3318 1170 3364; x_wconf 91' lang='lat' dir='ltr'><strong>ut</strong></span> 
     </span>
     <span class='ocr_line' id='line_1_33' title="bbox 43 3378 1169 3455; baseline 0.008 -30"><span class='ocrx_word' id='word_1_275' title='bbox 43 3378 121 3430; x_wconf 79' lang='lat' dir='ltr'><strong>onnia</strong></span> <span class='ocrx_word' id='word_1_276' title='bbox 138 3390 295 3455; x_wconf 89' lang='lat' dir='ltr'><strong>populorum</strong></span> <span class='ocrx_word' id='word_1_277' title='bbox 313 3387 416 3441; x_wconf 87' lang='lat' dir='ltr'><strong>nomina</strong></span> <span class='ocrx_word' id='word_1_278' title='bbox 434 3389 527 3439; x_wconf 78' lang='lat' dir='ltr'><strong>similia</strong></span> <span class='ocrx_word' id='word_1_279' title='bbox 551 3389 602 3440; x_wconf 88' lang='lat' dir='ltr'><strong>sint</strong></span> <span class='ocrx_word' id='word_1_280' title='bbox 619 3389 685 3441; x_wconf 78' lang='lat' dir='ltr'><strong>illis:</strong></span> <span class='ocrx_word' id='word_1_281' title='bbox 711 3387 829 3440; x_wconf 89' lang='lat' dir='ltr'><strong>Rhodius</strong></span> <span class='ocrx_word' id='word_1_282' title='bbox 848 3393 875 3437; x_wconf 90' lang='lat' dir='ltr'><strong>et</strong></span> <span class='ocrx_word' id='word_1_283' title='bbox 892 3384 1019 3448; x_wconf 82' lang='lat' dir='ltr'><strong>Andrias,</strong></span> <span class='ocrx_word' id='word_1_284' title='bbox 1043 3385 1085 3435; x_wconf 81' lang='lat' dir='ltr'><strong>vel</strong></span> <span class='ocrx_word' id='word_1_285' title='bbox 1102 3383 1169 3434; x_wconf 79' lang='lat' dir='ltr'><strong>illies</strong></span> 
     </span>
     <span class='ocr_line' id='line_1_34' title="bbox 42 3439 1169 3526; baseline -0.004 -18"><span class='ocrx_word' id='word_1_286' title='bbox 42 3439 192 3526; x_wconf 43' lang='lat' dir='ltr'><strong>discurens</strong></span> <span class='ocrx_word' id='word_1_287' title='bbox 209 3467 236 3512; x_wconf 89' lang='lat' dir='ltr'><strong>et</strong></span> <span class='ocrx_word' id='word_1_288' title='bbox 251 3461 425 3524; x_wconf 80' lang='lat' dir='ltr'><strong>Smyrnaeus3</strong></span> <span class='ocrx_word' id='word_1_289' title='bbox 449 3464 476 3510; x_wconf 90' lang='lat' dir='ltr'><strong>et</strong></span> <span class='ocrx_word' id='word_1_290' title='bbox 493 3465 553 3526; x_wconf 87' lang='lat' dir='ltr'><strong>post</strong></span> <span class='ocrx_word' id='word_1_291' title='bbox 570 3460 718 3512; x_wconf 76' lang='lat' dir='ltr'><strong>transierint</strong></span> <span class='ocrx_word' id='word_1_292' title='bbox 735 3459 768 3510; x_wconf 86' lang='lat' dir='ltr'><strong>ud</strong></span> <span class='ocrx_word' id='word_1_293' title='bbox 785 3459 889 3510; x_wconf 82' lang='lat' dir='ltr'><strong>nomina</strong></span> <span class='ocrx_word' id='word_1_294' title='bbox 903 3453 1062 3506; x_wconf 83' lang='lat' dir='ltr'><strong>huiusmodis</strong></span> <span class='ocrx_word' id='word_1_295' title='bbox 1086 3451 1169 3505; x_wconf 82' lang='lat' dir='ltr'><strong>Athe-</strong></span> 
     </span>
     <span class='ocr_line' id='line_1_35' title="bbox 43 3522 1167 3598; baseline 0.003 -27"><span class='ocrx_word' id='word_1_296' title='bbox 43 3522 142 3596; x_wconf 75' lang='lat' dir='ltr'><strong>ffleusis,</strong></span> <span class='ocrx_word' id='word_1_297' title='bbox 168 3529 195 3580; x_wconf 92' lang='lat' dir='ltr'><strong>in</strong></span> <span class='ocrx_word' id='word_1_298' title='bbox 213 3531 306 3598; x_wconf 87' lang='lat' dir='ltr'><strong>quibus</strong></span> <span class='ocrx_word' id='word_1_299' title='bbox 324 3531 406 3583; x_wconf 89' lang='lat' dir='ltr'><strong>omnis</strong></span> <span class='ocrx_word' id='word_1_300' title='bbox 430 3530 549 3596; x_wconf 76' lang='lat' dir='ltr'><strong>analogia</strong></span> <span class='ocrx_word' id='word_1_301' title='bbox 574 3531 775 3584; x_wconf 78' lang='lat' dir='ltr'><strong>desiderabatur.</strong></span> <span class='ocrx_word' id='word_1_302' title='bbox 811 3527 887 3580; x_wconf 91' lang='lat' dir='ltr'><strong>Nunc</strong></span> <span class='ocrx_word' id='word_1_303' title='bbox 904 3539 1015 3594; x_wconf 83' lang='lat' dir='ltr'><strong>pergere</strong></span> <span class='ocrx_word' id='word_1_304' title='bbox 1032 3529 1167 3592; x_wconf 81' lang='lat' dir='ltr'><strong>poterant:</strong></span> 
     </span>
     <span class='ocr_line' id='line_1_36' title="bbox 43 3582 706 3655; baseline 0.003 -4"><span class='ocrx_word' id='word_1_305' title='bbox 43 3582 113 3650; x_wconf 77' lang='lat' dir='ltr'><strong>Quod</strong></span> <span class='ocrx_word' id='word_1_306' title='bbox 129 3609 223 3654; x_wconf 83' lang='lat' dir='ltr'><strong>autern</strong></span> <span class='ocrx_word' id='word_1_307' title='bbox 241 3601 400 3654; x_wconf 70' lang='lat' dir='ltr'><strong>Athenaeus</strong></span> <span class='ocrx_word' id='word_1_308' title='bbox 424 3600 525 3652; x_wconf 83' lang='lat' dir='ltr'><strong>dicitur</strong></span> <span class='ocrx_word' id='word_1_309' title='bbox 549 3601 640 3653; x_wconf 74' lang='lat' dir='ltr'><strong>rhetor</strong></span> <span class='ocrx_word' id='word_1_310' title='bbox 654 3621 706 3655; x_wconf 87' lang='lat'><strong>.;.</strong></span> 
     </span>
    </p>
   </div>
   <div class='ocr_carea' id='block_1_6' title="bbox 146 3696 957 3781">
    <p class='ocr_par' dir='ltr' id='par_1_7' title="bbox 146 3696 957 3781">
     <span class='ocr_line' id='line_1_37' title="bbox 146 3696 957 3781; baseline 0 -19"><span class='ocrx_word' id='word_1_311' title='bbox 146 3696 200 3765; x_wconf 70' lang='lat'><strong>82.</strong></span> <span class='ocrx_word' id='word_1_312' title='bbox 226 3714 395 3781; x_wconf 80' lang='lat' dir='ltr'><strong>Athenaeus]</strong></span> <span class='ocrx_word' id='word_1_313' title='bbox 414 3715 491 3770; x_wconf 89' lang='lat' dir='ltr'><strong>codd.</strong></span> <span class='ocrx_word' id='word_1_314' title='bbox 536 3711 570 3765; x_wconf 81' lang='lat' dir='ltr'><strong>ab</strong></span> <span class='ocrx_word' id='word_1_315' title='bbox 588 3713 721 3769; x_wconf 77' lang='lat' dir='ltr'><strong>Atheneis</strong></span> <span class='ocrx_word' id='word_1_316' title='bbox 737 3713 897 3768; x_wconf 74' lang='lat' dir='ltr'><strong>Athenaeus</strong></span> <span class='ocrx_word' id='word_1_317' title='bbox 914 3725 957 3778; x_wconf 76' lang='lat' dir='ltr'><strong>vg.</strong></span> 
     </span>
    </p>
   </div>
   <div class='ocr_carea' id='block_1_7' title="bbox 42 3814 1169 4400">
    <p class='ocr_par' dir='ltr' id='par_1_8' title="bbox 42 3814 1169 4400">
     <span class='ocr_line' id='line_1_38' title="bbox 145 3814 1163 3902; baseline -0.013 -16"><span class='ocrx_word' id='word_1_318' title='bbox 145 3814 205 3882; x_wconf 56' lang='lat'><strong>83.</strong></span> <span class='ocrx_word' id='word_1_319' title='bbox 219 3828 389 3902; x_wconf 78' lang='lat' dir='ltr'><strong>proportione</strong></span> <span class='ocrx_word' id='word_1_320' title='bbox 406 3830 549 3895; x_wconf 81' lang='lat' dir='ltr'><strong>rationem]</strong></span> <span class='ocrx_word' id='word_1_321' title='bbox 568 3831 658 3900; x_wconf 87' lang='lat' dir='ltr'><strong>scripsi</strong></span> <span class='ocrx_word' id='word_1_322' title='bbox 676 3823 810 3884; x_wconf 70' lang='lat' dir='ltr'><strong>suadente</strong></span> <span class='ocrx_word' id='word_1_323' title='bbox 822 3825 971 3896; x_wconf 77' lang='lat' dir='ltr'><strong>Spengelic.</strong></span> <span class='ocrx_word' id='word_1_324' title='bbox 1013 3820 1163 3891; x_wconf 58' lang='lat' dir='ltr'><strong>properie</strong></span> 
     </span>
     <span class='ocr_line' id='line_1_39' title="bbox 43 3893 1166 3972; baseline -0.018 -6"><span class='ocrx_word' id='word_1_325' title='bbox 43 3901 93 3966; x_wconf 61' lang='lat' dir='ltr'><strong>”im</strong></span> <span class='ocrx_word' id='word_1_326' title='bbox 109 3899 241 3955; x_wconf 65' lang='lat' dir='ltr'><strong>rationem</strong></span> <span class='ocrx_word' id='word_1_327' title='bbox 258 3901 334 3955; x_wconf 87' lang='lat' dir='ltr'><strong>codd.</strong></span> <span class='ocrx_word' id='word_1_328' title='bbox 358 3900 451 3967; x_wconf 81' lang='lat' dir='ltr'><strong>quibus</strong></span> <span class='ocrx_word' id='word_1_329' title='bbox 468 3917 510 3968; x_wconf 78' lang='lat' dir='ltr'><strong>vg.</strong></span> <span class='ocrx_word' id='word_1_330' title='bbox 529 3909 557 3952; x_wconf 87' lang='lat' dir='ltr'><strong>et</strong></span> <span class='ocrx_word' id='word_1_331' title='bbox 573 3903 753 3972; x_wconf 87' lang='lat' dir='ltr'><strong>interponitur.</strong></span> <span class='ocrx_word' id='word_1_332' title='bbox 868 3898 922 3962; x_wconf 84' lang='lat' dir='ltr'><strong>At]</strong></span> <span class='ocrx_word' id='word_1_333' title='bbox 936 3893 1001 3950; x_wconf 87' lang='lat' dir='ltr'><strong>coni.</strong></span> <span class='ocrx_word' id='word_1_334' title='bbox 1043 3902 1075 3944; x_wconf 87' lang='lat' dir='ltr'><strong>ut</strong></span> <span class='ocrx_word' id='word_1_335' title='bbox 1090 3893 1166 3947; x_wconf 91' lang='lat' dir='ltr'><strong>codd.</strong></span> 
     </span>
     <span class='ocr_line' id='line_1_40' title="bbox 43 3952 1167 4040; baseline -0.015 -6"><span class='ocrx_word' id='word_1_336' title='bbox 43 3952 152 4019; x_wconf 60' lang='lat' dir='ltr'><strong>hb‘tii&#39;m&#39;</strong></span> <span class='ocrx_word' id='word_1_337' title='bbox 170 3975 226 4026; x_wconf 84' lang='lat' dir='ltr'><strong>orti</strong></span> <span class='ocrx_word' id='word_1_338' title='bbox 244 3975 272 4040; x_wconf 83' lang='lat' dir='ltr'><strong>a]</strong></span> <span class='ocrx_word' id='word_1_339' title='bbox 290 3973 356 4026; x_wconf 93' lang='lat' dir='ltr'><strong>coni.</strong></span> <span class='ocrx_word' id='word_1_340' title='bbox 393 3987 411 4019; x_wconf 85' lang='lat' dir='ltr'><strong><em>a</em></strong></span> <span class='ocrx_word' id='word_1_341' title='bbox 429 3969 561 4024; x_wconf 83' lang='lat' dir='ltr'><strong>libertinis</strong></span> <span class='ocrx_word' id='word_1_342' title='bbox 579 3975 633 4025; x_wconf 84' lang='lat' dir='ltr'><strong>orti</strong></span> <span class='ocrx_word' id='word_1_343' title='bbox 652 3973 728 4028; x_wconf 91' lang='lat' dir='ltr'><strong>codd.</strong></span> <span class='ocrx_word' id='word_1_344' title='bbox 877 3965 1081 4028; x_wconf 67' lang='lat' dir='ltr'><strong>Romamne]</strong></span> <span class='ocrx_word' id='word_1_345' title='bbox 1100 3965 1167 4018; x_wconf 91' lang='lat' dir='ltr'><strong>coni.</strong></span> 
     </span>
     <span class='ocr_line' id='line_1_41' title="bbox 42 4025 1169 4108; baseline -0.003 -17"><span class='ocrx_word' id='word_1_346' title='bbox 42 4025 162 4092; x_wconf 75' lang='lat' dir='ltr'><strong>Romanis</strong></span> <span class='ocrx_word' id='word_1_347' title='bbox 180 4047 217 4098; x_wconf 83' lang='lat' dir='ltr'><strong>G.</strong></span> <span class='ocrx_word' id='word_1_348' title='bbox 260 4039 373 4096; x_wconf 79' lang='lat' dir='ltr'><strong>Romani</strong></span> <span class='ocrx_word' id='word_1_349' title='bbox 392 4047 452 4094; x_wconf 85' lang='lat' dir='ltr'><strong>cett.</strong></span> <span class='ocrx_word' id='word_1_350' title='bbox 479 4049 571 4096; x_wconf 83' lang='lat' dir='ltr'><strong>contre</strong></span> <span class='ocrx_word' id='word_1_351' title='bbox 594 4060 697 4099; x_wconf 88' lang='lat' dir='ltr'><strong>sensum</strong></span> <span class='ocrx_word' id='word_1_352' title='bbox 723 4041 854 4108; x_wconf 77' lang='lat' dir='ltr'><strong>Varronis.</strong></span> <span class='ocrx_word' id='word_1_353' title='bbox 904 4038 977 4092; x_wconf 83' lang='lat' dir='ltr'><strong>Naar</strong></span> <span class='ocrx_word' id='word_1_354' title='bbox 996 4033 1045 4088; x_wconf 84' lang='lat' dir='ltr'><strong>lroc</strong></span> <span class='ocrx_word' id='word_1_355' title='bbox 1070 4035 1169 4102; x_wconf 88' lang='lat' dir='ltr'><strong>liquido</strong></span> 
     </span>
     <span class='ocr_line' id='line_1_42' title="bbox 42 4105 1169 4182; baseline -0.022 -1"><span class='ocrx_word' id='word_1_356' title='bbox 42 4108 157 4180; x_wconf 57' lang='lat' dir='ltr'><strong>‘illim’</strong></span> <span class='ocrx_word' id='word_1_357' title='bbox 176 4115 310 4170; x_wconf 72' lang='lat' dir='ltr'><strong>libertinos</strong></span> <span class='ocrx_word' id='word_1_358' title='bbox 327 4113 441 4166; x_wconf 77' lang='lat' dir='ltr'><strong>Romani</strong></span> <span class='ocrx_word' id='word_1_359' title='bbox 458 4115 548 4182; x_wconf 89' lang='lat' dir='ltr'><strong>populi</strong></span> <span class='ocrx_word' id='word_1_360' title='bbox 566 4130 617 4168; x_wconf 90' lang='lat' dir='ltr'><strong>non</strong></span> <span class='ocrx_word' id='word_1_361' title='bbox 636 4133 694 4170; x_wconf 83' lang='lat' dir='ltr'><strong>esse</strong></span> <span class='ocrx_word' id='word_1_362' title='bbox 711 4116 810 4180; x_wconf 89' lang='lat' dir='ltr'><strong>dictos,</strong></span> <span class='ocrx_word' id='word_1_363' title='bbox 834 4111 914 4166; x_wconf 84' lang='lat' dir='ltr'><strong>utab</strong></span> <span class='ocrx_word' id='word_1_364' title='bbox 930 4109 1016 4163; x_wconf 82' lang='lat' dir='ltr'><strong>Reate</strong></span> <span class='ocrx_word' id='word_1_365' title='bbox 1034 4105 1169 4172; x_wconf 64' lang='lat' dir='ltr'><strong>Reatinos,</strong></span> 
     </span>
     <span class='ocr_line' id='line_1_43' title="bbox 43 4177 1169 4256; baseline -0.017 -9"><span class='ocrx_word' id='word_1_366' title='bbox 43 4180 76 4220; x_wconf 77' lang='lat'><strong>⁸¹⁰</strong></span> <span class='ocrx_word' id='word_1_367' title='bbox 93 4177 124 4228; x_wconf 69' lang='lat'><strong>⁸¹)</strong></span> <span class='ocrx_word' id='word_1_368' title='bbox 141 4182 230 4242; x_wconf 79' lang='lat' dir='ltr'><strong>Rome</strong></span> <span class='ocrx_word' id='word_1_369' title='bbox 246 4188 388 4240; x_wconf 83' lang='lat' dir='ltr'><strong>Romanos.</strong></span> <span class='ocrx_word' id='word_1_370' title='bbox 421 4184 543 4237; x_wconf 86' lang='lat' dir='ltr'><strong>Ceterum</strong></span> <span class='ocrx_word' id='word_1_371' title='bbox 563 4186 633 4240; x_wconf 80' lang='lat' dir='ltr'><strong>eliud</strong></span> <span class='ocrx_word' id='word_1_372' title='bbox 652 4188 759 4256; x_wconf 84' lang='lat' dir='ltr'><strong>quodvis</strong></span> <span class='ocrx_word' id='word_1_373' title='bbox 777 4200 870 4238; x_wconf 91' lang='lat' dir='ltr'><strong>numen</strong></span> <span class='ocrx_word' id='word_1_374' title='bbox 887 4199 904 4234; x_wconf 82' lang='lat' dir='ltr'><strong>c</strong></span> <span class='ocrx_word' id='word_1_375' title='bbox 922 4181 1008 4234; x_wconf 82' lang='lat' dir='ltr'><strong>Rome</strong></span> <span class='ocrx_word' id='word_1_376' title='bbox 1027 4177 1169 4230; x_wconf 83' lang='lat' dir='ltr'><strong>derivatum</strong></span> 
     </span>
     <span class='ocr_line' id='line_1_44' title="bbox 43 4241 1169 4330; baseline -0.014 -16"><span class='ocrx_word' id='word_1_377' title='bbox 43 4241 127 4330; x_wconf 53' lang='grc' dir='ltr'><strong>ΜΨ</strong></span> <span class='ocrx_word' id='word_1_378' title='bbox 144 4251 201 4310; x_wconf 77' lang='lat' dir='ltr'><strong>fere</strong></span> <span class='ocrx_word' id='word_1_379' title='bbox 226 4261 282 4312; x_wconf 89' lang='lat' dir='ltr'><strong>iure</strong></span> <span class='ocrx_word' id='word_1_380' title='bbox 305 4257 333 4308; x_wconf 92' lang='lat' dir='ltr'><strong>iu</strong></span> <span class='ocrx_word' id='word_1_381' title='bbox 350 4253 417 4308; x_wconf 87' lang='lat' dir='ltr'><strong>hunc</strong></span> <span class='ocrx_word' id='word_1_382' title='bbox 437 4257 520 4310; x_wconf 84' lang='lat' dir='ltr'><strong>locum</strong></span> <span class='ocrx_word' id='word_1_383' title='bbox 544 4256 632 4310; x_wconf 80' lang='lat' dir='ltr'><strong>inferri</strong></span> <span class='ocrx_word' id='word_1_384' title='bbox 651 4260 761 4326; x_wconf 89' lang='lat' dir='ltr'><strong>poterit,</strong></span> <span class='ocrx_word' id='word_1_385' title='bbox 786 4258 834 4309; x_wconf 88' lang='lat' dir='ltr'><strong>nisi</strong></span> <span class='ocrx_word' id='word_1_386' title='bbox 856 4256 965 4308; x_wconf 82' lang='lat' dir='ltr'><strong>tortasse</strong></span> <span class='ocrx_word' id='word_1_387' title='bbox 990 4250 1169 4302; x_wconf 76' lang='lat' dir='ltr'><strong>Romanenses</strong></span> 
     </span>
     <span class='ocr_line' id='line_1_45' title="bbox 45 4304 1168 4400; baseline -0.009 -19"><span class='ocrx_word' id='word_1_388' title='bbox 45 4304 103 4366; x_wconf 50' lang='grc' dir='ltr'><strong>ΜΠ</strong></span> <span class='ocrx_word' id='word_1_389' title='bbox 121 4322 228 4388; x_wconf 73' lang='lat' dir='ltr'><strong>lignarii</strong></span> <span class='ocrx_word' id='word_1_390' title='bbox 246 4337 273 4388; x_wconf 83' lang='lat' dir='ltr'><strong>et</strong></span> <span class='ocrx_word' id='word_1_391' title='bbox 290 4329 386 4395; x_wconf 62' lang='lat' dir='ltr'><strong>tugurii</strong></span> <span class='ocrx_word' id='word_1_392' title='bbox 406 4333 432 4380; x_wconf 71' lang='lat'><strong>0¹</strong></span> <span class='ocrx_word' id='word_1_393' title='bbox 451 4329 576 4396; x_wconf 85' lang='lat' dir='ltr'><strong>pistores,</strong></span> <span class='ocrx_word' id='word_1_394' title='bbox 605 4329 649 4396; x_wconf 82' lang='lat' dir='ltr'><strong>qui</strong></span> <span class='ocrx_word' id='word_1_395' title='bbox 677 4346 710 4383; x_wconf 82' lang='lat' dir='ltr'><strong>ex</strong></span> <span class='ocrx_word' id='word_1_396' title='bbox 729 4330 809 4380; x_wconf 87' lang='lat' dir='ltr'><strong>titulis</strong></span> <span class='ocrx_word' id='word_1_397' title='bbox 823 4327 886 4400; x_wconf 79' lang='lat' dir='ltr'><strong>¹noti</strong></span> <span class='ocrx_word' id='word_1_398' title='bbox 903 4328 977 4387; x_wconf 82' lang='lat' dir='ltr'><strong>runt,</strong></span> <span class='ocrx_word' id='word_1_399' title='bbox 1001 4336 1050 4388; x_wconf 91' lang='lat' dir='ltr'><strong>pro</strong></span> <span class='ocrx_word' id='word_1_400' title='bbox 1069 4319 1168 4372; x_wconf 85' lang='lat' dir='ltr'><strong>libertis</strong></span> 
     </span>
    </p>
   </div>
   <div class='ocr_carea' id='block_1_8' title="bbox 738 4421 816 4488">
    <p class='ocr_par' dir='ltr' id='par_1_9' title="bbox 738 4421 816 4488">
     <span class='ocr_line' id='line_1_46' title="bbox 738 4421 816 4488; baseline -0.026 0"><span class='ocrx_word' id='word_1_401' title='bbox 738 4421 816 4488; x_wconf 69' lang='lat'><strong>13‘</strong></span> 
     </span>
    </p>
   </div>
   <div class='ocr_carea' id='block_1_9' title="bbox 0 0 1438 4804">
    <p class='ocr_par' dir='ltr' id='par_1_10' title="bbox 0 0 1438 4804">
     <span class='ocr_line' id='line_1_47' title="bbox 0 0 1438 4804; baseline 0 0"><span class='ocrx_word' id='word_1_402' title='bbox 0 0 1438 4804; x_wconf 95' lang='lat' dir='ltr'><strong> </strong></span> 
     </span>
    </p>
   </div>
  </div>
 </body>
</html>
