2866 4812
467 201 505 302 ς.
536 209 584 287 ss
609 243 657 262 -
684 209 747 286 oo.
1105 161 1185 280 ais

42 385 152 462 nibus
174 397 209 462 et
232 391 269 462 in
293 389 349 462 bis
370 410 499 462 marem
524 415 566 461 ac
592 386 767 462 seminam.
822 380 866 462 In
888 415 981 462 mare
1004 403 1037 464 et
1056 391 1186 466 femina

42 501 79 562 et
105 500 236 564 mentm
261 516 375 590 neque
406 500 531 564 natura
563 491 667 565 maris
699 494 842 584 transit,
882 515 993 588 neque
1023 492 1183 586 feminae,

43 617 163 690 neque
194 601 342 688 neutra3
369 603 425 665 ·et
456 592 535 666 ideo
570 617 646 664 uon.
674 591 800 666 dicitur
834 592 1004 685 feminae,
1042 593 1183 686 femina,

43 692 239 788 feminum,
273 696 325 768 sio
356 695 489 793 reliqua
501 723 512 789 3
555 695 671 794 itaque
704 693 937 792 singularibus
969 717 1011 766 ac
1044 698 1186 770 secretis

43 793 233 876 vocabulis
264 784 428 896 appellati
461 807 555 868 suut.
689 797 693 805 ’
743 793 811 868 58.
847 794 967 887 Quare
996 796 1034 867 in
1059 795 1186 894 quibus
1242 791 1249 804 ’

11 909 15 916 ’
43 895 156 970 rebus
183 923 255 972 nou
277 896 396 972 subest
419 897 543 970 similis
567 908 690 971 natura
716 909 904 990 antaeus,
939 901 976 969 iu
1000 897 1057 970 bis
1083 923 1186 972 voca·

42 997 140 1072 bulis
165 997 405 1074 huiuscemodi
428 1001 525 1073 ratio·
539 1002 658 1100 quaeri
680 1025 751 1072 non
772 997 888 1072 debet.
926 999 1025 1099 Ergo
1043 1000 1184 1094 dicitur,

43 1111 82 1172 ut
106 1101 277 1196 surdus
300 1104 375 1195 vir,
413 1101 548 1174 surda
583 1101 728 1192 mulier,
767 1100 954 1174 surdum
988 1100 1183 1198 theatrum3
1264 1089 1268 1110 ’

42 1201 143 1298 quod
180 1230 299 1276 omnes
331 1216 402 1277 tres
437 1205 508 1276 res'
541 1204 587 1276 ad
624 1201 780 1276 auditum
820 1213 924 1278 sunt.
946 1213 1162 1301 comparatae
1174 1229 1246 1298 34⁹⁹

43 1313 172 1378 contra
188 1329 298 1378 'nemo
322 1305 407 1378 dicit
425 1303 625 1378 cubiculum
646 1304 804 1396 surdum,
828 1304 924 1402 quod
944 1303 996 1377 id*
1016 1303 1060 1376 ad
1083 1304 1186 1376 siten-
1198 1297 1249 1311 ⁸*

43 1405 157 1499 tium,
195 1417 268 1482 uon
300 1407 359 1502 od⁴
379 1405 535 1480 auditum
547 1437 559 1504 3
605 1418 641 1479 at
673 1408 703 1480 si
738 1406 924 1480 fenestram
958 1431 1029 1479 nou
1060 1403 1183 1496 babet,

42 1505 179 1580 dieitur
209 1533 410 1602 caecum,
449 1521 489 1582 ut
521 1533 645 1604 eaecps
678 1518 713 1582 et
745 1533 871 1602 caeca3
919 1507 1015 1606 quod
1045 1507 1185 1595 omnia*

40 1605 167 1682 lumen
193 1607 322 1684 babere
346 1609 485 1684 debent.
628 1607 696 1683 59.
737 1609 821 1685 Mas
847 1621 882 1684 et
906 1610 1033 1684 femina
1057 1606 1187 1680 babent

40 1710 135 1782 iuter
171 1723 363 1785 sanatura
402 1709 579 1810 quandam
615 1714 833 1786 societatem:
879 1713 1016 1784 'contra
1054 1708 1186 1783 nuliam

40 1811 256 1911 pierumque
288 1813 417 1886 babent
450 1815 663 1886 societatem*
696 1825 819 1885 neutra
856 1839 935 1888 cum
969 1811 1047 1904 bis,
1091 1810 1185 1911 quod

25 1913 132 2005 ‘uon'
163 1927 246 1988 sunt
278 1914 414 1988 diversa
445 1918 534 1988 inter
558 1941 618 2008 se,
655 1914 818 2014 quodque
850 1915 893 1987 de
923 1914 980 1988 bis
1010 1938 1185 2012 perpauca

42 2025 125 2088 sunt
165 2039 255 2113 quae
287 2015 437 2092 habeant
473 2016 646 2114 quandam
684 2019 976 2090 communitatem.
1046 2017 1116 2087 Dei
1151 2023 1186 2086 et

45 2117 138 2188 servi
165 2118 306 2190 uomina
331 2119 427 2217 quod
453 2145 524 2191 non
546 2120 628 2191 item
654 2131 693 2192 ut
717 2115 826 2190 libera
846 2129 965 2192 nostra
989 2127 1181 2208 transeunt,

44 2217 167 2290 eadem
191 2229 244 2316 est
270 2245 396 2293 causa:
433 2219 529 2318 quod
553 2221 599 2292 ad
623 2247 727 2292 usum
753 2223 895 2314 attinet,
932 2221 1066 2293 institui
1095 2241 1184 2314 opus

45 2318 112 2392 fuit
138 2318 184 2392 de
209 2319 342 2414 liberie,
370 2321 413 2394 de
436 2320 579 2418 reliquis
600 2321 687 2392 nibil
713 2322 865 2412 attinuit,
893 2320 988 2416 quod
1012 2323 1050 2390 in
1072 2320 1183 2390 servis

45 2421 222 2516 gentilicia
244 2435 369 2495 natura
393 2449 464 2496 non
489 2420 607 2496 subest
631 2425 670 2494 iu
694 2447 782 2513 usu,
817 2423 854 2492 in
878 2422 1006 2493 nostris
1035 2420 1260 2501 nomini-rra)

44 2518 125 2614 bus,
151 2524 214 2621 qui
233 2550 354 2597 sumus
376 2527 415 2596 in
432 2524 536 2596 Latio
557 2537 592 2598 et
611 2523 725 2617 liberi,
751 2524 956 2596 necessaria.
989 2522 1113 2620 ltaque
1134 2518 1183 2590 ibi

47 2636 191 2720 apparet
223 2627 381 2727 analogia
410 2651 452 2698 ac
484 2626 610 2699 dicitur
638 2627 884 2701 Terentius
909 2627 984 2717 vir,
1019 2625 1181 2704 Teren·

47 2726 109 2798 tia
135 2725 275 2800 mulier.
326 2737 327 2740 ’
404 2725 473 2800 60.
517 2729 677 2803 Tertium
700 2753 811 2830 genus
836 2729 872 2799 in
898 2723 1182 2826 praenominibus
1258 2821 1261 2828 ,

47 2951 157 3008 bandum
175 2960 225 3008 est.
341 2955 447 3008 doctam
465 2954 531 3022 rem]
548 2955 626 3009 ena.
662 2955 757 3008 doctas
774 2971 816 3008 rsa
830 2955 861 3008 F.
976 2920 1070 3020 morie]
1089 2952 1181 3020 scripsi

46 3025 169 3080 suadente
187 3026 338 3095 Spengelio.
375 3043 461 3078 mares
480 3026 555 3080 codd.
587 3043 650 3080 suas
667 3043 711 3094 vg.

159 3126 214 3193 58.
236 3139 346 3210 dictim]
365 3143 396 3196 F.
432 3141 519 3214 igitur
536 3144 587 3198 Ga.
628 3143 659 3196 lu
676 3141 712 3196 H.
729 3149 770 3196 eat
787 3147 850 3194 uota
866 3159 881 3192 s
900 3157 958 3195 cum
976 3141 1140 3210 supraposito
1158 3159 1181 3194 c.

47 3215 98 3262 tres
116 3213 183 3282 κε’]
210 3215 276 3268 coni.
295 3215 393 3281 scripsi.
438 3223 493 3267 tres
512 3214 587 3268 codd.
631 3231 679 3264 eae
703 3231 746 3266 ree
773 3214 876 3280 quidam
903 3213 973 3284 apud
997 3213 1179 3279 Augustiuum.

49 3281 116 3348 quod
132 3283 187 3351 iar]
205 3287 271 3338 coni.
284 3285 379 3339 addidi.
417 3285 489 3358 quod
504 3286 542 3338 ait
560 3285 707 3354 Scioppius.
815 3283 925 3351 Ἰωνικαὶ]
944 3287 1012 3338 Ante
1030 3283 1091 3336 bv.
1106 3283 1181 3336 omisi
1234 3311 1238 3320 ·

49 3349 158 3422 babent,
184 3353 212 3408 id
230 3363 314 3410 ortum
340 3363 433 3426 putans
458 3373 492 3410 ex
518 3357 615 3426 duplici
639 3357 764 3410 lectione:
791 3356 879 3408 omnia'
901 3355 1001 3407 babent
1024 3353 1126 3418 lunen,
1153 3357 1182 3404 et

49 3424 133 3475 omnia
158 3426 249 3479 tumen
272 3427 367 3480 habers
393 3426 494 3486 debent.
540 3429 614 3494 Haec
639 3429 707 3481 cuim
724 3429 803 3481 rerba
826 3444 884 3481 cum
909 3425 1179 3487 antecedentibusvv.

48 3495 181 3574 coniunxi,
199 3515 258 3552 cum
278 3501 378 3569 priores
393 3507 453 3570 post
469 3500 558 3553 lumen
575 3494 723 3572 ὑποστιγμῇ
741 3505 768 3554 et
786 3506 845 3570 post
862 3515 920 3550 mar
937 3508 965 3549 et
977 3496 1086 3570 femina
1103 3497 1180 3564 piene

48 3571 264 3637 interpungerent.

153 3667 207 3732 59.
235 3681 364 3731 r'contra
382 3676 486 3730 nullam
505 3677 662 3750 plerumque
680 3676 778 3731 babent
796 3657 973 3744 societatem']
991 3675 1057 3728 coni.
1083 3673 1179 3728 inferre

49 3762 122 3806 ausus
138 3769 210 3819 sum,
237 3767 296 3806 cnm
314 3749 378 3806 baec
395 3752 436 3803 ret
455 3751 548 3803 simitia
567 3753 645 3804 verba
664 3751 726 3818 (sed
744 3748 808 3801 haec
825 3751 882 3817 ipsa
901 3749 991 3816 posui,
1015 3751 1046 3800 at
1068 3747 1178 3798 lacunae

50 3823 125 3877 causa
139 3823 290 3894 appareret)
308 3822 341 3874 ad
352 3821 473 3874 Varronis
487 3827 607 3888 mentem,
625 3825 647 3876 si
666 3838 723 3874 eam
740 3827 812 3872 recte
830 3821 944 3889 percepi,
961 3816 1107 3872 accusaris
1120 3817 1177 3868 sint.
1210 3853 1219 3861 f

50 3888 111 3948 Nam
128 3896 191 3950 dicit
208 3912 275 3948 nunc
293 3895 328 3947 de
344 3894 376 3946 iia
394 3895 535 3958 vocabulis,
552 3911 619 3961 quae
637 3893 706 3962 quod
726 3907 776 3950 uon
794 3899 894 3957 ternas,
913 3889 959 3944 aed
978 3891 1050 3944 binas
1068 3889 1180 3942 habeant

50 3961 155 4033 figuras,
172 3967 310 4034 analogiae
328 3966 431 4019 obstare
449 3966 568 4019 dixerant
581 3966 704 4019 Cratetei.
818 3963 893 4030 non⁴]
913 3963 978 4016 coni.
994 3961 1097 4026 addidi,
1117 3975 1178 4028 pro-

50 4031 154 4092 babilem
173 4043 199 4094 in
219 4038 337 4092 omnibus
355 4036 425 4090 bisce
443 4052 545 4090 sensum
564 4043 678 4090 secutus.
827 4036 898 4086 inter
915 4036 954 4100 se]
972 4035 1024 4087 Ga.
1065 4033 1178 4082 interere

50 4098 102 4158 ΕΗ.
137 4127 190 4164 non
206 4109 278 4162 inter
295 4127 324 4159 se
337 4125 382 4176 vg.
495 4107 628 4180 quodque]
644 4125 686 4176 vg.
724 4124 828 4178 quoquc
846 4106 921 4159 codd.
1017 4104 1069 4170 eat]
1087 4103 1178 4172 scripsi

51 4177 167 4256 suadente
185 4181 335 4252 Spengelio.
371 4189 400 4230 et
416 4178 508 4245 codd,
532 4181 580 4232 nisi
599 4180 667 4234 torte
685 4179 720 4234 H.
749 4177 826 4232 trahet
845 4195 894 4244 ex,
917 4183 947 4229 ut
965 4193 1007 4244 vg.
1029 4177 1135 4242 iegitur}

120 4363 123 4370 ζ
155 4289 206 4356 60.
238 4303 371 4370 Tertium]
389 4304 526 4360 victorius.
566 4301 718 4356 Terentium
736 4303 810 4357 codd.
838 4300 882 4354 scd
902 4280 934 4354 de
954 4319 976 4356 a.
1003 4299 1064 4354 nibil
1080 4314 1177 4352 memo-
