2866 4812
193 233 195 242 '
233 215 313 290 158
610 238 735 282 uruun
774 237 989 316 surrrnps.
1090 265 1092 270 s

174 541 227 611 §.⁷32

233 404 348 502 palam
381 400 452 474 dici
480 427 551 480 aon
582 399 696 472 debet.
846 374 852 386 ⁵
886 369 970 470 97.
997 399 1119 474 Potest
1151 400 1206 474 vel
1239 400 1285 474 ab
1315 428 1375 490 eo.

234 504 328 603 quod
360 502 514 602 puerulis
539 502 712 600 turpicula
742 525 798 572 res
825 502 862 572 in
898 501 988 574 collo
1022 501 1190 600 quaedam
1223 529 1379 601 suspen-

239 609 352 699 ditur,
386 631 431 678 ue
457 603 543 703 quid
567 603 680 696 obsit,
717 601 827 676 bonae
853 627 996 676 scaevae
1022 630 1125 676 eausa
1157 607 1379 682 scaevola
1427 677 1428 686 χ

240 709 423 807 appellata.
478 707 534 777 Ea
557 705 648 778 dieta
675 703 719 776 ab
744 729 923 796 scaeva,
947 705 988 779 id
1014 717 1068 777 est
1091 708 1247 800 sinistra,
1273 709 1377 804 quod

239 836 328 909 quae
351 812 491 882 sinistra
512 819 613 900 suut,
641 805 733 878 bona
755 807 909 905 auspicia
930 810 1183 880 existimantur.
1238 805 1277 881 A
1297 835 1376 906 quo

169 914 406 993 (cndicuutur
437 911 576 984 comitia
602 907 748 981 ’aliudve
780 908 886 1005 quid,
924 911 1191 1004 sinistima*,
1228 913 1375 984 sinistra

177 1148 228 1214 Ψ-

237 1040 326 1113 quae
351 1037 447 1086 nunc
473 1022 568 1084 suut.
622 1010 668 1082 ld
692 1037 712 1081 a
739 1008 876 1083 Graeco
899 1023 972 1103 est,
1008 1010 1104 1109 quod
1128 1012 1167 1083 hi
1190 1014 1375 1084 sinistram

238 1127 366 1189 vocant
403 1118 552 1194 oracta.
624 1112 764 1205 Quare,
805 1111 900 1210 quod
930 1113 1023 1207 dixi,
1068 1113 1371 1187 obscaenum*

173 1291 175 1299 .
236 1243 362 1290 omeu
388 1229 439 1289 cst
464 1242 565 1288 omen
592 1226 705 1312 turpe.
761 1214 867 1306 Quod
892 1215 999 1288 unde*
1027 1215 1175 1309 dicitur,
1201 1243 1370 1308 osmen,
1427 1215 1428 1276 ἶ

173 2259 223 2327 aa

136 1316 140 1325 ’
234 1348 253 1393 e
278 1347 348 1419 quo
374 1318 403 1392 S
423 1321 605 1391 'extritum

334 1445 403 1521 98.
444 1445 556 1545 Apud
585 1447 772 1518 Plautum:

350 1574 449 1659 Quia
484 1595 551 1663 ego
582 1569 741 1640 antehac
774 1583 809 1638 te
843 1573 966 1640 amavi
999 1575 1056 1637 *et
1088 1571 1178 1638 mihi
1209 1566 1373 1642 amicum

569 1696 647 1739 esse
669 1674 769 1742 crevi
776 1703 788 1761 ‚·

235 1779 382 1854 crevi*
407 1779 501 1850 valet
526 1781 711 1870 coustitui3
757 1781 873 1876 itaque
900 1777 1022 1872 heres,
1058 1805 1165 1877 quom
1191 1784 1373 1854 coustituit

233 1909 271 1957 sc
292 1880 455 1954 heredem
481 1905 577 1971 esse,
619 1879 747 1952 dicitur
778 1904 995 1973 cernere,
1034 1894 1069 1958 et
1094 1907 1202 1980 quom.
1224 1883 1260 1954 id
1285 1885 1372 1956 fecit

234 2007 447 2057 crevisse.

336 2109 406 2184 99.
447 2107 558 2209 Apud
583 2057 729 2183 cundem
752 2107 848 2208 quod
872 2121 944 2182 est:

347 2235 448 2305 Mihi
467 2236 778 2328 frequentem
804 2259 957 2328 operam
984 2235 1158 2325 (tedisiis3

228 2357 323 2457 yalet
349 2353 537 2428 assiduam.
595 2351 718 2450 ltaque
750 2354 812 2450 qui
843 2351 963 2444 adest,
1000 2354 1236 2449 assiduus3
1275 2355 1367 2427 ferre

231 2484 335 2557 quem
370 2456 526 2553 operam*
564 2467 719 2552 oportet,
762 2458 791 2526 is
827 2455 1049 2552 frequens
1090 2459 1219 2553 opponi
1263 2458 1361 2530 solet.
1427 2471 1428 2480 ’

231 2561 354 2659 ltaque
380 2557 468 2630 illud
503 2556 598 2655 quod
624 2555 761 2630 eaedem
787 2555 1009 2628 mulierculae
1033 2557 1174 2629 dicunt:

344 2765 396 2832 97·
416 2779 551 2850 puerulis]
569 2779 714 2833 Turnebus.
747 2779 863 2848 puerilis
882 2780 957 2832 codd.
1072 2780 1166 2848 bonae]
1184 2799 1228 2850 vg.
1262 2779 1367 2834 alonae
1427 2789 1428 2846 ζ

231 2851 289 2906 FH.
327 2849 453 2902 umbones
471 2871 494 2905 a.
531 2850 615 2910 udone
634 2852 685 2904 Gb.
816 2851 974 2920 sinistima*]
991 2854 1058 2908 coni.
1102 2855 1139 2906 sit
1157 2853 1214 2904 dixi
1232 2852 1317 2922 (dixit
1330 2857 1365 2907 G.
1427 2855 1428 2910 l

233 2923 333 2974 dicitnr
346 2923 392 2991 F.)
412 2933 463 2976 aut
482 2924 529 2991 (ut
547 2925 572 2975 b.
592 2923 693 2989 dequo
713 2922 822 2976 obscura
840 2929 926 2976 tamea
943 2930 1003 2978 suut
1020 2943 1086 2992 quae
1109 2925 1267 2993 referuntur)
1287 2925 1361 2978 codd.

135 3003 141 3018 ‘
231 2996 325 3048 Ortum
348 2995 374 3046 id
393 3011 427 3048 ex
445 3012 524 3066 prava
541 2994 665 3048 divisione
685 2993 891 3048 illius'vocabuli
909 2996 965 3048 s1-
978 2995 1171 3050 MsTIM-A.
1214 2998 1365 3050 Dextimum

231 3072 259 3117 et
276 3067 427 3120 sinistimum
445 3068 563 3134 antiquos
582 3066 694 3132 dixisse,
712 3067 786 3118 testis
805 3073 845 3118 est
862 3067 956 3118 Festus
973 3087 997 3136 p.
1007 3073 1051 3121 56.
1070 3069 1190 3121 Lindem.
1217 3069 1249 3121 cf.
1267 3087 1292 3136 p.
1301 3073 1364 3121 260.
1427 3125 1428 3136 ἶ

230 3138 283 3190 atii
300 3153 334 3188 ex
352 3148 403 3188 aut
421 3139 549 3191 fluxerunt
567 3155 625 3188 ave.
698 3135 799 3203 'sunt]
814 3139 879 3190 coni.
891 3140 991 3206 scripsi.
1029 3149 1070 3190 est
1088 3140 1163 3192 codd.
1261 3136 1363 3207 σκαιόν]
1427 3189 1428 3192 ,

231 3225 273 3274 vg.
310 3225 389 3258 secan
406 3207 436 3264 F.
479 3227 565 3260 sceam
583 3210 609 3260 G
626 3210 697 3277 (cum
712 3208 816 3275 lacuna)
832 3209 868 3264 Η.
911 3219 1008 3262 vocant
1034 3205 1182 3278 (iteratim)
1203 3228 1226 3266 a.
1263 3228 1313 3264 om.
1337 3213 1363 3265 b.
1427 3267 1428 3274 χ

230 3277 410 3346 obscaenum]
429 3281 512 3344 coni,
538 3285 644 3332 coactus
671 3283 745 3348 plane
769 3296 838 3332 nexu
863 3285 890 3332 et
907 3298 1046 3348 progressu
1070 3283 1249 3349 disputationis
1264 3285 1364 3335 Varro·
1427 3309 1428 3312 ¹

230 3353 335 3416 alenae,
361 3368 427 3418 quae
445 3353 478 3403 ad
496 3366 595 3403 versum
614 3352 686 3404 illum
709 3351 783 3404 Mutii
804 3352 982 3418 explicandum
1000 3355 1076 3406 unice
1095 3355 1219 3422 dirigitur.
1258 3372 1364 3404 scenam

229 3439 253 3474 a.
290 3439 414 3473 scaevum
431 3422 489 3476 ΕΗ.
524 3439 631 3474 saevum
650 3425 684 3476 G.
720 3441 810 3473 sevum
828 3423 853 3474 b.
1014 3425 1106 3492 unde']
1123 3425 1153 3474 id
1174 3426 1270 3477 addunt
1287 3427 1362 3478 codd.

231 3493 301 3558 quod
320 3497 443 3561 expunxi.
576 3511 590 3542 e
609 3511 661 3563 quo
679 3493 715 3558 S]
740 3494 844 3562 scripsi.¹
880 3512 894 3543 e
913 3494 978 3561 (om.
996 3496 1035 3562 a.)
1055 3497 1127 3566 quod
1144 3496 1208 3563 (orn.
1227 3497 1268 3564 b.)
1287 3499 1362 3550 codd.
1427 3545 1428 3552 ,

230 3565 270 3616 De
289 3566 387 3618 osmiuc
405 3568 438 3618 ab
457 3583 503 3620 ore
520 3565 591 3619 dicto
607 3565 710 3634 scripsit
728 3565 812 3618 Varro
830 3565 881 3630 vl,
899 3571 942 3618 76,

344 3668 395 3733 98.
419 3683 562 3749 Plautum]
583 3683 728 3735 Cistellaria
745 3682 772 3746 Ι,
790 3685 822 3746 1,
842 3687 866 3733 1.
981 3683 1200 3750 *et....crev1]
1219 3701 1252 3737 ex
1270 3685 1363 3738 Plauto

230 3754 317 3808 addita
334 3761 402 3807 suut.
540 3755 633 3820 crevi]
650 3757 744 3806 iterum
762 3753 906 3806 addendum
924 3760 980 3805 erat
1002 3761 1108 3823 propter
1130 3771 1241 3809 sensum.
1278 3759 1364 3809 Suasit

230 3826 307 3879 etiam
325 3828 489 3895 Spengelins.
602 3827 714 3892 cernere]
733 3826 872 3878 Victorius.
911 3841 1004 3876 canere
1018 3827 1094 3879 codd.
1124 3829 1156 3880 V.
1171 3843 1248 3896 supra
1260 3829 1306 3893 vl,
1319 3833 1361 3880 81.

343 3936 394 4002 99.
419 3949 540 4015 sanam]
558 3951 584 4001 n
598 3949 775 4014 cistellensi,
789 3953 814 4014 1,
828 3954 853 4000 r.
893 3919 895 3926 ’
974 3950 1046 4021 quoa
1061 3959 1117 4002 ar.-
1137 3951 1219 4020 mina]
1238 3954 1360 4018 Augusti-

231 4038 279 4075 nus
298 4024 324 4075 iu
341 4039 423 4089 marg.
460 4021 623 4092 quod‚esimi
640 4022 670 4073 F.
707 4038 766 4090 quo.
779 4019 871 4071 (terimi
884 4022 918 4072 G.
955 4040 1009 4091 quo
1027 4021 1108 4072 desim
1122 4023 1157 4076 Η.
1195 4023 1360 4096 ᾳιιοάρεδηιί

172 4133 175 4138 .
230 4113 253 4147 a
290 4094 362 4162 quod
378 4111 482 4144 sensum
502 4094 527 4145 b.
568 4091 654 4149 Mihi,
679 4109 730 4144 nou
750 4093 786 4142 mi
794 4125 800 4146 ‚
823 4093 930 4159 scripsi,
955 4100 1062 4162 propter
1080 4093 1284 4148 Bacchiacorum
1302 4112 1358 4148 rer-

230 4181 305 4221 sunm
330 4167 462 4216 rationem.
589 4162 679 4234 ferre]
697 4165 722 4216 b.
747 4169 777 4215 ut
793 4164 908 4228 videtur,
938 4165 1005 4216 sicut
1021 4183 1063 4231 vg.
1095 4166 1187 4236 ferret
1205 4173 1265 4219 cett.
1286 4168 1356 4220 codd.
1427 4167 1428 4172 ’

230 4233 359 4306 operam]
385 4237 450 4286 coni.
474 4234 568 4286 addidi.
612 4235 733 4288 Moserus
756 4236 783 4287 iu
800 4236 891 4288 Annei.
917 4234 1083 4304 Heidelberg.
1102 4255 1125 4290 a.
1146 4243 1225 4291 1826.
1244 4256 1269 4305 p.
1282 4243 1355 4290 102³.

230 4310 313 4360 coni:
343 4304 418 4376 ferre
444 4305 567 4373 quiens
595 4323 670 4384 quae,
687 4305 732 4371 (lt.
751 4323 774 4358 v.
795 4323 828 4358 ex
846 4307 903 4373 vg.)
923 4317 1042 4374 oportet,
1067 4310 1091 4358 is
1110 4308 1250 4379 frequens.
1297 4311 1355 4372 Sed,
