2866 4812
414 211 451 314 §-
484 227 636 296 rno-
668 228 757 298 113·
1073 210 1155 292 aas
1244 217 1246 222 ·
1358 187 1369 208 “

25 400 204 500 repugnat*
228 409 379 494 natura3
420 399 516 498 quod
548 402 619 494 ita,
656 410 696 472 ut
721 397 868 492 dicitur,
909 423 980 474 non
1009 402 1055 477 sit
1083 426 1153 498 urs,

23 501 80 575 sed
104 500 230 574 artifex
253 499 581 600 reprehendendus,
609 503 671 600 qui
693 499 798 575 debet
819 501 857 573 in
878 500 1062 575 scribendo
1084 531 1155 578 non

23 603 146 677 uidisse
165 629 302 698 verum,
327 629 399 676 uon
418 604 499 678 ideo
516 630 589 678 non
609 629 712 700 posse
732 601 838 676 scribi
858 628 992 702 verum.
1060 600 1153 676 112.

23 704 91 796 Qui
116 705 205 778 dicit
229 703 298 778 hoc
331 707 472 779 monti
504 717 540 778 ct
569 704 638 778 boc
671 704 811 798 fonti,
849 729 930 776 cum
955 705 1014 776 alii
1039 704 1156 779 dicant

22 804 86 878 hoc
108 817 256 880 monte
279 815 315 879 et
339 805 408 880 hoc
432 806 655 901 fonsa-sio
680 806 749 878 alia
773 831 862 903 quae
887 805 1022 881 duobus
1044 806 1157 881 modis

24 906 204 1000 dicuutur,
230 933 310 980 cum
335 907 481 982 alterum
505 910 553 981 sit
571 935 712 1001 verum,
740 905 887 982 alterum
908 907 1056 982 falsum:
1085 930 1218 984 nonlsr

23 1019 95 1080 uter
120 1021 246 1107 peccat
269 1008 360 1083 tollit
392 1008 588 1108 analogias,
623 1009 685 1082 sed
707 1019 786 1081 uter
808 1018 903 1082 reete
929 1009 1034 1103 dicit,
1073 1035 1155 1084 con·

22 1108 152 1183 firmat:
190 1122 225 1184 ct
250 1111 541 1209 quemadmodum
574 1115 605 1184 is
633 1113 695 1209 qui
721 1111 859 1207 *peceat
882 1113 920 1181 in
943 1109 999 1185 his
1024 1111 1154 1207 verbis,

23 1209 78 1282 nbi
103 1209 243 1285 duobus
274 1212 387 1286 modis
417 1213 600 1307 dicuutur,
637 1238 708 1285 non
736 1211 827 1285 tollit
850 1214 1038 1305 rationem,
1075 1236 1156 1287 cum

25 1315 177 1410 sequitur
210 1312 361 1387 falsum:
403 1316 455 1388 sic
490 1317 593 1389 ctiam
630 1315 669 1386 iu
703 1313 760 1384 his
792 1339 882 1411 quae
914 1339 985 1386 non
1019 1313 1155 1387 duobus
1164 1343 1216 1396 μή

23 1414 205 1509 dicuntur,
240 1417 271 1487 si
296 1416 377 1513 quis
402 1416 502 1489 aliter
526 1427 625 1516 putat
650 1414 721 1488 dici
743 1425 901 1513 oportere
926 1426 1029 1512 atque
1052 1411 1216 1513 opor-'—

23 1525 87 1609 tet,
115 1544 188 1590 non
210 1518 390 1590 scientiam
411 1517 502 1593 tollit
526 1519 713 1611 orationis,
740 1517 803 1590 sed
821 1541 921 1589 suam
941 1517 1156 1591 inscientiam

23 1615 184 1690 denudat.

40 1811 42 1816 Ι
120 1715 213 1791 115.
254 1719 395 1812 Quibus
420 1719 524 1796 rebus
548 1719 637 1796 solvi
671 1720 917 1795 arbitraremur
940 1746 1043 1819 posse
1067 1730 1219 1820 quae65

25 1817 112 1892 dicta
136 1832 222 1894 sunt
245 1824 353 1921 priori
378 1821 468 1897 libro
494 1833 615 1896 contra
637 1824 833 1922 analogian,
861 1835 901 1896 ut
921 1825 1032 1921 potui,
1059 1820 1158 1896 breui

22 1924 238 2018 percucurri.
272 1924 342 1996 Ex
366 1923 493 2021 quibus
518 1926 549 1998 si
573 1925 611 1996 id
634 1925 877 2016 confecissent,
905 1924 999 2021 quod
1020 1923 1155 2017 volunt,

25 2025 118 2094 utin
144 2023 265 2122 lingua
283 2025 412 2098 Latina
437 2038 527 2099 essct
551 2026 735 2119 anomalia,
764 2037 879 2098 mmeu
900 2025 989 2098 nihil
1006 2027 1158 2126 egissent

25 2123 118 2217 ideo,
153 2125 249 2223 quod
277 2127 315 2197 in
346 2126 508 2200 omnibus
532 2127 689 2225 partibus
716 2128 837 2200 mundi
861 2128 1010 2226 utraque
1032 2137 1157 2200 natura

26 2225 131 2319 inest,
173 2225 268 2324 quod
294 2226 362 2298 alia
386 2229 476 2300 iuter
499 2255 538 2301 sc
561 2229 717 2323 similia*,
745 2230 812 2301 alia
840 2226 1034 2301 dissimilia*
1058 2239 1153 2302 sunt.

27 2323 123 2399 Sicut
157 2329 195 2398 in
228 2327 433 2401 animalibus
471 2328 650 2401 dissimilia
681 2341 783 2422 suut,
825 2339 865 2401 ut
897 2353 1027 2428 equos,
1067 2331 1152 2422 boS,

26 2429 112 2522 ovis,
142 2427 267 2522 homo,
295 2431 377 2501 item
402 2429 490 2501 aliu:
524 2441 559 2502 et
581 2433 619 2502 in
638 2456 850 2529 unoquoque
874 2428 1000 2502 horum
1025 2457 1152 2530 genere
1162 2461 1229 2530 125)

27 2527 110 2600 inter
141 2555 182 2603 se
211 2530 337 2603 similia
370 2530 670 2605 innumerabilia·
700 2533 791 2605 Item
816 2534 853 2604 iu
877 2531 1032 2630 piscibus
1054 2532 1155 2605 dissi·

28 2630 110 2703 milis
139 2645 265 2705 natura
293 2658 460 2706 muraena
491 2633 598 2733 lupo,
632 2637 663 2708 is
689 2635 825 2727 soleae,
860 2633 947 2707 haec
972 2660 1213 2736 muraenaes-ug

28 2741 57 2800 et
80 2734 282 2829 mustellae,
310 2737 361 2808 sic
387 2732 484 2829 aliis,
511 2747 550 2809 ut
570 2738 681 2812 maior
705 2736 764 2812 ille
785 2761 949 2810 numerus
972 2738 1018 2811 sit
1034 2737 1154 2813 simili·

27 2929 167 3005 ‘·scripris*]
186 2943 246 2991 aute
256 2935 283 2992 h.
297 2955 320 2993 v.
339 2941 366 2992 iu
380 2937 455 2992 codd.
470 2945 563 3006 estut,
579 2947 669 2995 natum
685 2959 720 2996 ex
736 2941 834 2996 ultimis
851 2941 933 2994 literis
947 2957 971 2995 v.
985 2940 1155 3007 conveniunt,

29 3012 82 3068 post
95 3010 165 3062 idem
181 3026 206 3062 v.
220 3009 253 3074 si,
270 3015 355 3063 ortum
370 3011 397 3063 id
410 3028 444 3064 ex
455 3012 507 3064 fine
523 3028 547 3064 v.
557 3012 674 3082 scriptis.
787 3012 945 3083 repugnat⁸J
958 3013 1065 3080 scripsi,
1082 3014 1155 3064 simi-

29 3075 82 3128 liter
98 3096 128 3132 ac
140 3083 302 3136 Vertrauius.
338 3082 482 3151 repudiant
493 3082 570 3135 codd.
607 3081 752 3152 repudiant
767 3092 897 3133 naturam
911 3083 976 3134 coni.
989 3084 1154 3150 Spengelius.

30 3148 95 3212 quod
112 3151 166 3218 ita]
186 3153 256 3206 Huic
271 3155 420 3219 iuncturae,
438 3154 513 3207 nimis
530 3154 610 3207 durae
628 3160 655 3206 et
676 3153 764 3218 hianti,
782 3154 871 3206 vitium
889 3153 973 3206 inesse
992 3154 1153 3209 crediderim.

31 3217 101 3272 Quod
118 3239 158 3277 vv.
178 3223 237 3276 lude
256 3241 273 3276 a
290 3224 363 3297 quod
385 3225 427 3275 ita
450 3240 533 3291 usqne
553 3225 586 3278 ad
604 3224 659 3281 vid.
677 3242 769 3278 verum
786 3223 962 3293 parenthetica
980 3241 1037 3279 esse
1053 3227 1154 3293 siguifi-

31 3293 108 3344 catum
125 3301 182 3359 est,
205 3295 232 3347 id
250 3311 302 3348 nou
325 3301 398 3350 recte
421 3295 518 3351 iactum
536 3303 592 3363 est;
618 3312 678 3349 uam
699 3311 766 3364 quac
790 3302 927 3350 secuntur:
949 3315 1002 3348 non
1019 3297 1077 3348 ideo
1101 3315 1155 3349 non

28 3373 98 3440 posse
114 3364 196 3416 scribi
213 3385 319 3432 verum,
336 3383 368 3421 ea
385 3368 499 3436 pendent
515 3383 531 3422 a
549 3384 575 3422 v.
591 3364 676 3422 debet.
710 3367 779 3422 Nam
797 3369 908 3424 Varroni
925 3366 1001 3420 debet
1017 3383 1096 3438 saepe
1114 3374 1156 3421 est

31 3427 91 3486 rdem
107 3436 192 3503 quod:
215 3439 345 3506 sequitur,
370 3441 504 3508 colligitur
521 3439 590 3496 inde.

134 3539 207 3606 112.
235 3552 290 3622 Qui
309 3553 385 3622 dicit]
410 3554 491 3625 Quod
514 3553 575 3625 quis
600 3551 667 3604 dicit
690 3553 859 3620 Vertrauius,
881 3553 1036 3623 Scioppius3
1061 3555 1153 3622 quibus

31 3632 75 3672 non
92 3632 132 3678 est
147 3641 222 3696 opus.
251 3625 292 3676 Cf.
308 3625 375 3691 VII,
393 3629 419 3679 4.
455 3628 495 3679 De
512 3631 666 3692 argumento
683 3626 762 3692 VIII,
779 3631 823 3678 66.
937 3627 1040 3692 dicunt]
1060 3627 1154 3678 dicunt

32 3690 86 3744 GH.
217 3697 338 3766 *peccatJ
356 3697 447 3767 scripsi
464 3697 588 3751 suadente
607 3698 756 3765 Spengelio.
800 3713 859 3746 cum
874 3707 968 3764 peccat
985 3697 1059 3751 Fue.
1101 3716 1154 3760 nou

30 3775 116 3824 praeeat
133 3767 169 3820 H.
294 3785 347 3819 non
366 3766 481 3834 duobus]
499 3785 541 3834 vg.
582 3786 636 3819 uon
654 3768 683 3818 in
701 3765 804 3819 duobus
820 3767 896 3820 codd.
1013 3767 1153 3836 orationis]

34 3833 138 3890 rationis
156 3839 237 3892 Heur.
255 3837 402 3909 Stephanus
419 3845 446 3892 et
460 3842 576 3909 Popma,
600 3840 692 3907 quibus
710 3854 762 3893 nou
779 3841 915 3892 assentior.
988 3851 990 3856 ·

136 3939 208 4006 113.
237 3955 365 4025 egissent]
383 3970 426 4022 vg.
463 3954 590 4026 legissent
607 3955 684 4009 codd.
799 3953 923 4020 similia⁸]
942 3960 969 4008 et
988 3953 1152 4024 dissimilis]

34 4022 90 4073 coni.
108 4026 202 4080 addidi.
244 4028 333 4080 Possis
358 4027 437 4079 etiam
461 4029 536 4079 aliam
560 4028 627 4080 viam
652 4031 766 4092 tentare,
792 4031 821 4078 ut
838 4026 904 4079 banc
921 4028 1074 4080 senteutiam
1093 4043 1152 4082 cum

34 4095 147 4153 proximis
172 4099 298 4167 exemplis
321 4099 348 4150 iu
372 4113 450 4150 uuum
474 4098 570 4151 dictum
595 4098 750 4166 coniungas:
779 4098 826 4149 sed
844 4103 943 4150 tentata
961 4113 993 4150 ea
1010 4099 1052 4151 via
1068 4099 1153 4152 miuus

34 4161 128 4221 placuit.
241 4170 333 4240 equos]
351 4168 452 4238 scripsi.
488 4187 573 4242 equus
591 4168 666 4223 codd.
769 4169 883 4236 natura]
900 4185 951 4222 om.
970 4171 1027 4224 FG.
1116 4170 1152 4238 is]

34 4233 116 4302 scripsi
133 4240 293 4308 propositum
310 4255 326 4292 a
344 4239 493 4308 Spengelio.
531 4240 573 4292 lu's
593 4240 667 4294 codd.
793 4240 947 4310 muraenae]
966 4257 1008 4310 vg.
1046 4259 1152 4294 marene

35 4299 62 4351 G·
97 4326 205 4362 uereuae
223 4313 280 4365 ΕΗ.
317 4329 410 4363 uerene
427 4330 450 4366 a.
