2874 4804
271 237 355 318 268
703 259 972 306 rnncurnrn.

272 431 666 538 rnrscrnnusotom.
693 419 735 514 1,
770 442 852 520 pag.
873 415 969 492 509.
1005 415 1072 490 ln.
1100 410 1297 516 pugillo.
1325 415 1372 487 P.

228 561 232 582 “
825 572 847 616 s

210 701 261 774 ⁶22
616 671 869 741 1nonnu1
910 671 1084 738 unni.

828 815 849 856 4

372 915 438 990 15.
472 915 642 989 Nonnulli
662 915 802 1014 proprie
825 914 976 988 calamos
997 912 1196 1011 lupinorum
1221 910 1316 982 olus
1337 908 1408 981 diei

269 1033 392 1121 putant
414 1029 456 1091 ut
474 1014 620 1092 Aelius:
648 1021 748 1092 Alae
771 1043 816 1089 ex
841 1021 989 1112 lupino,
1016 1020 1156 1088 surculi
1182 1017 1261 1084 sine
1282 1016 1409 1106 foliis.

271 1123 361 1198 Cato
390 1124 428 1194 in
457 1118 672 1219 originibus:
712 1122 811 1193 Alae
841 1145 886 1190 ex
911 1122 1039 1214 lupino
1070 1119 1284 1214 lngiznffls.
1314 1167 1361 1185 ..
1396 1167 1405 1185 .

269 1237 386 1297 tumen
413 1239 562 1295 vnnlto
597 1221 640 1294 de
671 1220 812 1319 Lingua
836 1219 963 1292 Latina
994 1220 1085 1292 ulam
1114 1219 1268 1292 culmum
1305 1215 1409 1288 lubae

271 1325 400 1401 dicere.
455 1339 657 1398 SERVIUS
683 1322 729 1396 ud
752 1320 884 1422 Georg.
906 1321 947 1419 1,
976 1319 1044 1395 75.

829 1477 851 1520 4

172 1649 176 1657 ,
315 1645 321 1662 .
371 1578 436 1655 16.
471 1579 516 1654 ln
538 1606 674 1654 summa
693 1604 777 1654 vero
803 1580 1068 1652 constructionis
1088 1580 1163 1652 eius
1185 1604 1289 1677 quam
1312 1578 1410 1650 simi-

165 1719 168 1725 ·
269 1683 338 1756 lem
364 1685 461 1756 navis
488 1685 624 1755 carinae
653 1671 823 1773 diximus,
861 1691 998 1779 caput
1030 1680 1234 1772 collocavit,
1270 1681 1309 1750 in
1334 1706 1410 1777 quo

270 1795 363 1858 essct
394 1785 549 1884 regimen
584 1785 689 1856 totius
722 1784 926 1876 animantis,
962 1782 1149 1880 datumque
1173 1781 1224 1853 illi
1248 1780 1318 1853 hoc
1343 1810 1411 1854 no·

269 1910 350 1958 men
382 1896 455 1978 est,
500 1896 540 1958 nt
572 1884 714 1982 quidem
744 1899 892 1953 vnnlto
935 1883 981 1956 ad
1023 1883 1227 1958 Ciceronem
1268 1882 1407 1974 scribit,

269 1986 365 2085 quod
396 1985 480 2064 hinc
511 1988 651 2084 capiant
678 1986 815 2057 initium
841 2009 963 2056 sensns
992 2009 1034 2056 oc
1061 1988 1173 2058 nervi.
1217 2002 1408 2056 LACTAN-

270 2105 373 2160 Tlos
414 2088 458 2162 de
499 2087 638 2186 opificio
671 2089 741 2162 Dei
774 2097 861 2162 tom.
886 2086 947 2183 ss,
981 2112 1064 2187 pag.
1084 2085 1141 2162 81
1165 2086 1272 2162 Duo.
1308 2114 1342 2186 c.
1365 2085 1406 2162 5.

269 2215 352 2292 pag.
372 2186 470 2264 257.
488 2191 572 2290 Bip.

829 2297 849 2334 ἡ
857 2331 859 2336 .

332 2423 335 2433 ’
371 2426 438 2503 17.
479 2429 659 2506 Senior.
724 2426 929 2504 Secundum
967 2445 1220 2516 VARRONEM
1254 2432 1411 2503 senior

268 2545 305 2607 ct
330 2532 529 2606 iuvenior
551 2532 776 2630 comparativi
795 2543 878 2604 sunt
897 2543 960 2628 per
981 2532 1265 2604 imminutionem.
1306 2533 1409 2606 Hine

269 2646 323 2707 est
345 2631 431 2735 (Vl,
449 2630 586 2735 501.);
628 2637 712 2706 Iam
728 2636 883 2704 ..seniors
906 2637 984 2703 sed
1004 2638 1123 2705 cruda
1154 2639 1221 2705 deo
1246 2637 1434 2707 viridis-t

270 2762 340 2832 que
367 2751 554 2808 secrecius:
588 2733 742 2808 additum
760 2736 863 2807 'enim
886 2731 955 2805 hoc
980 2744 1035 2806 est
1059 2734 1103 2805 ad
1126 2736 1408 2832 exprimendum,

269 2835 356 2936 quid
379 2839 425 2909 sit
448 2838 576 2909 senior.
621 2837 710 2909 ltem
730 2834 880 2908 Ovidius
901 2832 1006 2936 (Met.
1017 2836 1117 2929 XII,
1132 2834 1268 2936 toln:
1298 2843 1410 2913 Inter

271 2945 507 3036 iuvenemque
533 2965 735 3036 senemque.
785 2936 836 3009 E‘t
859 2962 898 3008 re
923 2963 1005 3010 vera
1026 2963 1097 3010 non
1122 2938 1285 3012 convenil:
1310 2939 1411 3016 hunc

270 3043 353 3114 satis
388 3066 505 3115 senem
535 3041 668 3139 accipi,
687 3040 766 3140 'qui
798 3048 833 3111 et
865 3039 1004 3113 vincere
1034 3050 1148 3138 potest
1176 3052 1211 3114 et
1235 3067 1307 3116 uno
1331 3045 1411 3117 ictu

269 3153 410 3214 taurum
445 3168 583 3217 necare.
653 3141 751 3242 Ergo
784 3141 899 3213 senior
929 3167 1001 3214 non
1032 3143 1117 3214 satis
1149 3169 1274 3237 scnc13
1315 3147 1411 3220 sicut

269 3246 428 3318 iuvenior
452 3269 522 3317 non
545 3246 628 3317 satis
649 3245 804 3335 invenis‚
831 3243 923 3314 intra
946 3245 1127 3338 iuvenem3
1156 3245 1248 3317 sicut
1272 3272 1408 3346 paupe·

270 3347 343 3418 rior
377 3347 468 3418 intra
509 3371 709 3444 pauperem.
783 3343 880 3416 llicit
918 3355 1032 3418 nutem
1074 3343 1143 3419 lroc
1182 3365 1334 3421 VARRO
1373 3354 1406 3423 in

270 3446 370 3520 libris
394 3447 441 3520 nd
463 3446 681 3523 Ciceronem.
736 3462 927 3519 SERVIUS
956 3445 1002 3521 nd
1024 3443 1119 3521 Aen.
1145 3448 1196 3543 V,
1222 3446 1324 3523 409.

826 3602 847 3642 4

375 3700 442 3776 18.
481 3702 606 3778 Solent
636 3705 673 3775 in
704 3701 820 3775 verbis
845 3703 947 3774 etium
973 3705 1151 3802 peritiores
1175 3731 1317 3801 errare,
1356 3714 1404 3782 in·

271 3807 497 3878 continuum
523 3831 604 3878 cnm
623 3808 661 3879 R
684 3832 730 3877 nn
753 3807 827 3877 sine
851 3806 888 3877 R
913 3804 1060 3880 debcant
1083 3805 1245 3902 proferri.
1301 3812 1404 3902 Qui·

271 3909 374 3979 rito.
428 3905 552 3980 Livius
577 3911 614 3980 in
638 3917 761 3982 octavo
786 3910 951 4004 quiritat.
1007 3925 1154 3998 vlnnlto
1184 3909 1230 3981 nd
1260 3910 1404 3988 Cicero·

385 4123 436 4188 15.
463 4137 558 4206 dicere]
576 4137 641 4190 dicit
659 4139 829 4196 Burmannus,
934 4135 937 4141 ’

276 4303 278 4312 ,
385 4235 435 4306 17.
459 4251 589 4319 iuvenior]
616 4253 705 4307 iunior
729 4257 786 4321 alii,
815 4262 925 4323 utroque
951 4260 1015 4312 loco.
1059 4259 1126 4312 Rem
1154 4259 1196 4314 Ιιῑο
1216 4265 1364 4330 expositam
1388 4279 1401 4312 a
1428 4275 1429 4286 ¹

273 4318 389 4373 Varrone
408 4327 542 4376 tractatum
560 4326 693 4380 confirmat
710 4329 787 4380 etium
805 4328 906 4383 Plinius·
922 4331 991 4398 apud
1009 4331 1129 4384 Servium
1146 4333 1178 4386 ud
1197 4335 1261 4386 Aen.
1277 4336 1324 4400 Vl,
1342 4337 1401 4388 sot.
