2864 4814
436 199 472 299 ἓ·
504 213 654 284 151-
683 213 769 286 157·
1127 203 1176 276 61

53 387 112 460 bus
137 398 234 486 capta
259 387 328 459 fixa
352 399 434 460 sunt
456 397 585 461 rostra.
639 385 717 459 Sub
744 384 864 460 dextra
889 385 992 461 buius
1014 415 1034 461 a
1060 389 1177 466 Comi·

53 493 95 562 tia
115 490 210 563 loeus
236 488 479 582 substractus,
517 487 579 561 ubi
601 489 779 562 nationum
804 488 1029 564 subsisterent
1053 487 1174 594 legati,

54 592 105 688 qai
132 591 175 662 ad
204 601 361 665 senatum
382 601 496 664 essent
521 591 630 662 missi.
697 592 736 662 ls
762 589 1090 686 Graecostasis
1115 621 1177 693 ap·

53 692 188 788 pellatus
217 719 237 764 a
270 705 369 792 parte
398 705 436 765 ut
468 693 589 765 multa.
776 689 868 767 156.
897 691 1179 768 ’8661011111

53 820 148 890 supra
182 793 460 887 Graecostasim,
501 792 562 866 ubi
588 792 685 865 aedis
720 792 936 868 Concordiae
965 807 1001 869 et
1034 795 1179 871 basilica

53 893 194 991 Opimia.
250 896 463 971 Senaculum
483 906 666 989 voratum,
699 893 761 966 ubi
786 908 925 970 senatus
950 911 1012 971 aut
1037 898 1099 972 ubi
1123 927 1238 996 sent-q

51 998 153 1069 uiores
186 1000 436 1092 consisterent3
473 997 603 1071 dietum
636 1007 678 1068 ut
711 999 848 1095 perusia
880 997 973 1096 apud
1005 1000 1174 1076 Graecos.

51 1097 263 1173 Lautulae
294 1127 315 1172 a
349 1099 519 1192 lavando,
560 1098 655 1198 quod
684 1097 734 1168 ihi
767 1097 812 1169 ad
841 1100 967 1172 lanum
992 1100 1180 1178 Geminum

51 1225 149 1297 aquae
176 1201 296 1274 caldae
320 1201 475 1273 fuerunt.
539 1195 600 1272 Ab
628 1198 682 1271 his
712 1198 813 1296 palus
839 1200 906 1272 fuit
937 1204 975 1272 in
1000 1206 1180 1279 minore

52 1301 267 1397 Velabro,
301 1327 437 1399 aquo,
461 1300 631 1400 quodibi
655 1299 875 1374 vehebantur*
895 1301 1080 1397 lintribus,
1109 1306 1181 1380 Ve·
1231 1369 1235 1374 .

51 1401 206 1498 labrum,
253 1415 295 1476 ut
331 1403 419 1476 illud
455 1405 567 1476 maius
605 1402 648 1476 de
689 1428 759 1499 quo
799 1429 906 1501 supra
948 1404 1079 1478 dictum
1112 1419 1178 1480 est.

52 1500 134 1577 157.
184 1505 572 1604 Aequimelium,
616 1505 711 1603 quod
747 1516 893 1601 aequata
929 1505 1018 1582 Meli
1057 1506 1183 1580 domus
1244 1585 1246 1592 ,

50 1605 207 1701 publico,
244 1607 339 1706 quod
363 1634 510 1706 regnum
537 1632 708 1705 occupare
738 1606 849 1679 voluit
872 1609 916 1679 is.
985 1609 1106 1681 Locus
1131 1609 1184 1682 ad

50 1707 187 1782 Busta
225 1707 444 1802 Gallina,
484 1709 580 1807 quod
614 1710 728 1780 Roma
762 1721 965 1806 recuperata
999 1709 1183 1785 Gallorum

50 1835 142 1903 ossa,
182 1812 243 1909 qui
273 1810 500 1908 possederunt
532 1808 676 1903 urbem,
711 1808 761 1882 ihi
793 1823 995 1884 coacervata
1023 1837 1065 1884 aa
1098 1827 1257 1898 eon-(os)
1369 1815 1371 1821 ’

51 1923 152 2008 septa.
206 1913 328 1985 Locus
350 1915 411 2009 qui
436 1925 581 1986 vocatur
605 1910 789 1986 Doliola
813 1911 858 1984 ad
882 1912 1038 2008 eluaeam
1060 1941 1241 2000 manu-1⁵7

51 2038 154 2106 mam,
192 2012 254 2086 ubi
287 2039 359 2085 non
394 2014 487 2087 lieet.
518 2015 711 2111 despuere,
748 2038 770 2084 a
802 2012 938 2087 doliolis
973 2013 1039 2088 suh
1072 2015 1243 2093 terrall'
1284 2064 1290 2077 ·

52 2113 178 2187 Eorum
210 2114 299 2189 duae
330 2115 477 2188 traditae
510 2115 694 2208 historiae,
735 2115 831 2213 quod
859 2116 919 2188 alii
951 2119 1063 2191 inesse
1085 2121 1184 2192 aiunt
1229 2179 1233 2186 .

54 2241 124 2288 ossa
154 2216 387 2311 cadaverum,
431 2217 490 2289 alii
519 2218 655 2290 Numae
687 2217 853 2315 Pompilii
884 2218 1045 2317 religiosa
1077 2246 1183 2319 quae·

57 2315 127 2390 dam
150 2323 231 2419 post
255 2330 402 2394 mortem
429 2321 502 2390 eius
527 2319 672 2391 infossa.
727 2315 988 2416 Argiletum
1014 2331 1098 2394 sunt
1123 2326 1184 2420 qui

56 2423 262 2517 seripserunt
295 2419 339 2492 ab
374 2417 511 2518 Argola
546 2445 608 2492 seu
639 2415 807 2517 Agrola*,
846 2418 940 2515 quod
970 2424 1002 2492 is
1030 2421 1102 2494 buo
1124 2449 1183 2494 ve·

54 2524 133 2595 nerit
167 2522 298 2622 ibique·
320 2523 368 2594 sit
392 2519 575 2620 sepultus,
617 2520 677 2594 alii
700 2519 744 2592 'ab
772 2520 915 2621 argilla,
952 2522 1047 2619 quod
1073 2521 1184 2596 ibi'id

54 2724 168 2794 primum]
188 2726 309 2782 GEea·
319 2725 424 2796 primus
439 2727 471 2784 F.
488 2733 519 2779 ut
534 2727 644 2780 videtur.
758 2723 819 2777 loci*
837 2733 864 2778 et
882 2727 982 2796 quodq
1001 2729 1067 2782 coni.
1087 2693 1182 2783 addidi.

56 2797 242 2865 Graecostasis]
261 2799 374 2865 Mirum,
397 2799 508 2866 quoda.
528 2802 630 2850 Graeca
649 2795 822 2863 machebat,
841 2805 867 2850 et
880 2799 914 2850 Η.
928 2801 1044 2852 lacunam
1061 2807 1184 2868 tanquam

56 2875 150 2937 propter
167 2870 276 2923 verbum
291 2872 436 2948 ¹Graecum,
455 2877 483 2923 et
499 2873 533 2924 G.
553 2872 653 2922 Graeco
669 2868 824 2938 appellatus
842 2870 931 2922 Stasis
950 2885 1009 2924 cum
1027 2874 1127 2925 lacuna.

158 2972 233 3037 156.
257 2985 424 3056 gerusiam.
461 2983 563 3035 ierusia
583 2990 660 3052 cett,
679 2985 727 3036 nisi
745 2983 815 3050 quod
831 2982 940 3054 bierueu
954 2986 980 3036 b.
1055 3025 1058 3032 .
1095 2987 1185 3038 oemi-
1275 2991 1281 3004 ’

56 3057 122 3123 num]
140 3057 285 3128 Quirinum
302 3059 368 3110 eoni.
393 3054 491 3108 Saebse
508 3056 577 3107 Hist.
597 3061 625 3106 et
641 3055 732 3107 Descr.
753 3055 830 3107 Urbis
849 3054 880 3108 T.
893 3055 914 3107 Ι.
941 3075 965 3124 p.
978 3062 1022 3109 97.
1042 3061 1101 3110 121.
1120 3063 1183 3110 663.

56 3125 77 3176 Is
93 3131 155 3183 enim
173 3131 266 3182 lanum
283 3131 413 3196 geminum
432 3127 497 3180 duos
522 3127 637 3178 diversos
654 3126 730 3178 Ianos
753 3126 805 3178 dici
823 3132 912 3194 putat,
938 3145 963 3195 p.
979 3132 1024 3180 95.
1066 3130 1102 3183 At
1120 3130 1184 3184 haee

57 3200 133 3263 opinio
150 3203 276 3256 Varronis
293 3201 447 3254 auctoritate
464 3201 528 3252 satis
545 3199 680 3250 refellitur.
839 3195 979 3266 lintribus]
998 3216 1040 3267 vg.
1059 3207 1086 3254 et
1104 3202 1129 3254 b,
1147 3207 1184 3253 nt

58 3270 155 3325 videtur.
191 3269 325 3323 lustribus
344 3276 406 3325 cett.

161 3367 235 3432 157.
256 3377 388 3449 aequata]
403 3393 445 3443 vg.
465 3382 492 3428 et
509 3375 534 3428 b.
552 3382 582 3428 ut
599 3375 708 3428 videtur.
742 3373 850 3447 'arquata
868 3382 929 3430 cett.
1051 3376 1119 3428 Meli
1137 3377 1184 3430 ‹lo-

59 3465 121 3501 mum
137 3469 170 3509 ex
187 3453 264 3512 Livio
282 3455 383 3502 constat
407 3449 486 3500 tuisse
504 3448 537 3499 ad
555 3449 639 3500 vicum
657 3448 803 3513 lugarium,
827 3450 871 3515 qui
889 3455 993 3517 praeter
1010 3449 1185 3516 Capitolinum

59 3531 175 3590 montem,
200 3540 252 3592 qua
278 3521 436 3574 occidentem
463 3521 543 3571 solem
562 3525 677 3588 spectat,
701 3519 766 3571 situs
790 3526 852 3572 erat.
967 3522 1059 3569 Busta
1078 3519 1185 3570 Gallica

59 3607 130 3661 prope
154 3595 351 3664 amphiteatrum
375 3593 492 3644 Flavium
514 3591 608 3656 luisse,
634 3607 700 3657 quae
726 3598 767 3643 est
791 3591 878 3658 opinio
902 3589 1020 3642 Nardinii
1038 3596 1065 3642 et
1083 3590 1184 3644 Sacbsii

60 3661 119 3717 Hist.
136 3673 162 3719 et
179 3669 270 3719 Descr.
291 3665 369 3716 Urbis
386 3663 419 3714 T.
429 3664 449 3716 l.
469 3681 494 3731 p.
505 3664 582 3726 ³755,
607 3663 705 3714 idoneis
723 3662 880 3728 argumentis
899 3661 1038 3728 destituta,
1056 3661 1106 3715 hoo
1124 3663 1184 3716 loco

59 3735 150 3788 videtur
168 3739 259 3791 refelli.
366 3732 487 3798 Doliola]
505 3734 539 3787 ct.
557 3735 651 3786 Festus
669 3750 689 3785 s.
699 3750 723 3784 v.
741 3737 820 3800 p·52.
839 3732 957 3788 Lindem.
1072 3735 1186 3806 Argile-

60 3809 122 3872 tum]
135 3824 176 3874 vg.
212 3805 360 3878 argelatam
372 3805 446 3858 codd.
466 3806 515 3857 nisi
535 3806 604 3872 quod
630 3802 770 3874 argitrcim'
782 3805 808 3856 b.
844 3803 884 3854 De
898 3805 1009 3870 Argileti
1027 3806 1086 3858 loeo
1104 3809 1186 3859 multa

61 3875 93 3927 lis.
126 3879 296 3946 EnVirgilio
314 3883 414 3941 tamen,
442 3877 701 3941 Aen.vl11‚aas.‚
726 3875 793 3925 inter
811 3874 950 3943 Tarpeiam
974 3892 1065 3944 rupem
1084 3884 1112 3930 et
1128 3877 1185 3930 Lu-

60 3952 138 4011 percal
155 3951 234 4004 tuisse
251 3949 421 4016 intelligitur3
447 3963 530 4014 neque
548 3948 576 4000 id
593 3946 738 4012 refragatur
755 3945 839 3997 ordini
857 3948 987 4012 locorum,
1006 3964 1083 4014 quem
1100 3951 1186 4002 Varro

61 4021 174 4084 sequitur.
339 4018 458 4089 Argoda]
469 4019 526 4071 PG.
570 4017 647 4087 argio
665 4017 700 4068 H.
717 4028 722 4041 ¹
737 4015 842 4083 argolla
859 4034 882 4069 a.
927 4017 1018 4088 argole
1035 4022 1062 4073 b.
1107 4022 1185 4092 Argo

60 4102 98 4153 vg·
208 4087 339 4162 Agrola*]
354 4092 420 4143 coni.
438 4091 523 4143 addidi
543 4096 650 4158 propter
666 4105 722 4139 seu.
757 4087 900 4141 Videbatur
916 4089 978 4142 mibi
995 4092 1079 4144 Varro
1098 4093 1185 4145 dicere

63 4159 91 4209 de
115 4163 211 4229 Agrola
236 4163 329 4216 Siculo
355 4161 419 4228 (nou
437 4161 587 4228 Tyrrheno,
612 4177 636 4212 v.
655 4157 764 4227 Ephem.
783 4159 846 4214 Litt.
865 4161 926 4214 Hal.
944 4165 1023 4215 1829.
1042 4181 1067 4218 n.
1080 4168 1139 4216 126.
1159 4183 1184 4230 p.

62 4232 143 4298 ³62),
172 4235 273 4301 dequo
298 4234 449 4298 Pausan.l‚
466 4237 517 4297 28,
534 4237 560 4286 3.
603 4227 731 4300 Ἀργόλας
754 4247 787 4283 ex
813 4225 910 4300 Argivo
935 4233 1032 4303 populo
1058 4235 1184 4289 bominem

62 4302 196 4372 signifieat,
223 4305 332 4360 testibus
349 4307 433 4373 poetis
450 4321 491 4374 ap.
510 4303 670 4375 Stephanum
686 4303 850 4369 byzantium.
1105 4329 1109 4338 ·
