2864 4814
436 229 473 334 ἓ.
503 235 717 313 46—51.
1005 341 1012 354 ᾗ
1102 235 1180 315 ur.

34 421 151 494 nalum
177 441 339 492 casurum
361 426 482 515 putat,
508 415 637 516 refugit
662 441 774 492 mens.
829 417 948 510 Quom
973 419 1155 496 vehemen-

34 528 91 595 tius
121 525 158 593 in
189 518 380 611 movendo,
418 529 459 590 ut
487 517 531 590 ah
558 545 596 594 sc
621 518 743 613 abeat,
778 517 872 594 sores
904 521 1034 617 fertur,
1069 525 1155 598 for-

34 625 175 718 mid03,
200 649 307 720 quom
331 647 395 720 per
422 623 499 694 avia
519 621 576 713 it*‚
604 622 648 695 ab
674 647 716 694 eo
741 649 894 720 pavor.
1065 623 1154 700 dil*

34 729 119 798 lline
153 727 256 798 etiam
288 733 435 796 metuo
469 733 617 796 mentem
651 725 906 822 quodammodo
942 734 1071 798 motam
1096 727 1214 824 reims

35 830 172 900 metuisti
196 827 378 919 amovis1i3
417 828 468 898 sic
494 825 589 923 quod
610 826 758 926 frigidus
779 829 895 918 timor,
923 829 1156 902 tremuisti

34 932 208 1023 timuisti†.
262 929 453 1000 Tremor
483 928 614 1000 dictum
639 955 659 1000 a
683 927 905 1022 similitudine
926 931 1039 1022 vocis,
1066 955 1157 1029 quac

35 1043 108 1102 tunc
142 1057 253 1130 quoru
283 1028 384 1102 valde
418 1039 593 1122 demunt,
633 1040 796 1129 apparet,
842 1057 949 1128 quom
980 1034 1083 1104 etiam
1118 1035 1157 1106 in

37 1159 170 1230 corpore
194 1132 269 1231 pili,
297 1142 336 1203 ut
360 1133 467 1203 arista
490 1134 528 1202 in
552 1133 649 1227 spica
674 1131 784 1224 ordei,
812 1131 969 1204 horrent.
1085 1131 1217 1227 δαὶ-24

35 1234 235 1310 lilaerere
259 1259 279 1304 a
304 1257 478 1324 marcere,
514 1231 735 1329 quodetiam
760 1258 889 1330 corpus
914 1249 1154 1309 marcesceret.
1168 1273 1218 1315 226

34 1336 119 1409 Hinc
142 1340 246 1411 etiam
272 1336 411 1406 macri
443 1333 539 1406 dicti.
592 1334 779 1408 Laetari
803 1335 848 1408 ab
871 1334 1030 1434 eoquod
1055 1329 1212 1412 latius*

35 1440 188 1534 gaudium
214 1446 355 1535 propter
384 1438 501 1536 magni
522 1435 607 1512 boni
632 1439 829 1536 opinionem
851 1437 1030 1511 diffusum.
1085 1438 1156 1511 lta·
1172 1463 1224 1534 ξας

36 1563 90 1634 que
113 1541 296 1614 luventius
320 1538 389 1610 ait:
1074 1560 1095 1574 -Χ
1167 1548 1231 1614 (54)

137 1661 293 1732 Gaudia
315 1685 385 1730 sua
412 1662 446 1730 si
474 1685 599 1732 omnes
625 1661 790 1760 domim
816 1663 1018 1756 conferant
1044 1687 1157 1734 sanum

245 1763 285 1832 in
317 1763 436 1832 locum
447 1815 459 1849 ,

143 1865 283 1934 Tamen
318 1889 400 1943 ntea
435 1879 629 1960 exsuperet
661 1867 813 1938 laetitia.

37 1979 84 2053 Sic
109 2007 217 2079 quom
240 2007 277 2053 se
300 1979 449 2077 habent,
486 1982 620 2057 laeta.

135 2131 203 2207 51.
245 2135 397 2211 Narro
432 2164 513 2211 cum
546 2138 691 2212 alterum
723 2141 815 2213 facio
844 2107 992 2234 narum,
1021 2166 1057 2212 a
1087 2117 1195 2239 ‹puo7

36 2239 249 2329 narratio,
277 2245 466 2338 perquam
493 2244 736 2339 cognoscimus
762 2269 835 2314 rem
856 2254 1000 2340 pastam.
1055 2242 1157 2333 Quae

36 2360 103 2430 pars
135 2339 262 2438 agendi
287 2352 354 2412 est'
372 2343 563 2433 *secunda,
598 2345 634 2413 in
662 2369 729 2440 qua
756 2341 1028 2440 explicabimus,
1066 2369 1155 2440 quae

36 2440 117 2512 sunt*
148 2441 193 2514 ab
226 2441 395 2536 dicendo,
436 2469 477 2515 ac
502 2453 583 2516 sunt
608 2456 675 2516 aur
698 2447 882 2517 coniuncta
914 2469 995 2516 cnm
1023 2455 1155 2543 tempo·
1169 2461 1218 2530 32}

136 2654 189 2720 48.
214 2686 264 2735 per
282 2667 347 2718 avia
364 2667 410 2736 iv]
439 2669 505 2721 coni.
553 2677 640 2737 pavet
663 2677 691 2718 et
716 2669 791 2722 codd.
822 2669 870 2722 uisi
888 2668 959 2736 quod
975 2678 1003 2720 ct
1026 2687 1076 2722 om.
1096 2671 1159 2724 GH.

37 2733 85 2789 Hoc
101 2756 176 2806 quarn
196 2738 271 2792 facile
290 2757 323 2792 ex
341 2741 386 2793 illo
405 2742 466 2793 oriri
484 2742 606 2808 potuerit,
625 2757 658 2793 ex
676 2742 850 2806 Praelatione‚
869 2742 912 2794 ubi
930 2742 963 2795 de
981 2743 1052 2808 siglis
1069 2743 1158 2812 dispu-

37 2812 107 2874 tatur,
131 2812 208 2865 facile
231 2812 397 2877 intelligetur.
435 2811 471 2863 Et
488 2819 646 2877 agnoscent,
671 2819 750 2881 puto,
776 2815 801 2864 in
821 2811 869 2866 hac
888 2815 1044 2880 etymologia
1060 2816 1158 2867 Varro-

38 2891 97 2945 nem,
114 2883 157 2950 qui
175 2898 236 2934 eum
255 2881 382 2936 hominem
400 2890 534 2936 noverunt.
570 2883 612 2934 En
629 2899 675 2936 cor
691 2885 836 2950 Zenodoti,
854 2899 887 2937 en
904 2887 976 2938 iecur
993 2887 1122 2938 Cratetis!

134 2991 186 3057 49.
212 3005 284 3056 Hinc
302 3040 311 3058 .
329 3041 338 3058 .
357 3039 367 3059 .
385 3039 392 3056 .
410 3005 527 3058 timuisti
534 3005 563 3072 †]
583 3006 660 3059 Hunc
678 3007 764 3060 iocum
780 3007 843 3059 satis
860 3004 937 3058 habui
956 3014 1160 3075 repraesentare,

39 3076 124 3136 qualem
142 3078 220 3132 codd.
245 3077 353 3144 hubent,
380 3090 443 3131 cum·
464 3080 497 3131 de
521 3077 646 3130 medicine
671 3080 696 3129 ei
721 3076 871 3130 inveniende
888 3080 965 3144 plane
985 3078 1158 3146 desperarem.

39 3145 107 3214 ordei]
121 3151 206 3215 codd,
228 3165 294 3216 quos
311 3157 416 3202 secutus
430 3167 496 3215 sum,
516 3165 659 3216 quanquam
672 3165 749 3216 supra
760 3150 793 3213 V,
806 3153 865 3201 106.
884 3148 1010 3200 hordeum
1025 3152 1160 3220 scripsisse

39 3215 125 3272 videtur
140 3223 233 3276 Varro.
361 3221 481 3287 horrent]
500 3224 577 3274 etiam
595 3222 621 3272 in
639 3219 687 3273 hac
704 3235 769 3272 voce
787 3220 806 3269 d
831 3237 881 3274 om.
899 3221 949 3275 Ha.

139 3334 192 3400 50.
224 3345 405 3413 marcesceret]
423 3345 515 3414 scripsi
539 3345 663 3398 suadente
688 3348 839 3414 Spengelio.
892 3365 1050 3400 nmrcescerc
1076 3347 1161 3412 codd,

42 3416 74 3466 cui
90 3434 129 3485 vg.
153 3421 257 3473 additur
274 3418 415 3481 videatur,
440 3418 473 3468 ab
491 3418 548 3468 aliis
565 3416 683 3468 diciturr
719 3419 797 3471 Hunc
821 3421 904 3472 locum
928 3420 1016 3482 laudat
1033 3421 1158 3488 Apuleius

42 3485 67 3536 dc
83 3489 173 3558 diphtli.
192 3497 236 3544 20.
255 3509 281 3558 p.
293 3495 352 3542 139.
373 3490 471 3542 Osann.
576 3488 702 3554 Laetori]
720 3491 752 3544 V.
769 3491 837 3543 idem
856 3492 980 3560 Apuleius
999 3494 1041 3541 19.
1060 3509 1086 3558 p.
1097 3496 1158 3544 138.

42 3557 246 3631 lavercinum.
289 3561 414 3612 inventus
433 3560 484 3612 Ha.
529 3559 650 3612 innectus
669 3561 693 3613 b.
746 3561 885 3612 Terentius
904 3579 947 3628 vg.
996 3561 1069 3614 Idem
1087 3578 1160 3627 error

45 3627 164 3699 plerosque
188 3635 268 3686 libros
293 3633 371 3684 Gellii
396 3630 500 3696 xviri,
528 3635 570 3684 12.
589 3632 696 3684 obtinet.
747 3633 856 3685 luventii
874 3631 915 3684 hic
940 3633 1012 3684 locus
1031 3639 1071 3685 est
1089 3634 1158 3700 apud

42 3695 147 3758 Bothiun
164 3707 195 3759 P.
211 3708 254 3758 Sc.
267 3704 300 3758 L.
313 3704 345 3768 V,
360 3703 394 3757 ll.
413 3722 438 3772 p.
450 3707 494 3754 95.
609 3721 696 3754 omnes
715 3703 842 3770 honaiues]
861 3703 950 3753 omnia
968 3721 1054 3754 omnes
1073 3705 1159 3771 Spen-

43 3772 128 3840 getius,
152 3777 261 3899 Emenup.
279 3777 387 3828 Varrou.
406 3793 430 3842 p.
444 3779 486 3840 4.‚
515 3788 548 3826 ex
572 3789 644 3826 more
668 3776 823 3828 comicorum
846 3777 981 3842 poetarum
999 3775 1076 3826 scribi
1096 3778 1158 3829 volt.

43 3840 86 3892 Sed
108 3847 131 3898 id
154 3849 223 3916 qnod
250 3847 336 3899 nabent
362 3847 437 3898 codd.
462 3847 540 3899 etism
558 3848 641 3911 magis
666 3848 766 3914 piacet,
794 3862 852 3898 curn
879 3848 951 3897 multi
972 3847 1158 3911 veterumioci

44 3911 83 3963 sint
105 3915 150 3970 hoc
173 3922 280 3979 similive
304 3925 412 3971 tenore:
440 3913 579 3973 ei'ncic‘rec
610 3912 747 3986 ἅνθρωποι
776 3912 811 3968 ‘cd
835 3913 919 3986 oiup'ttr
943 3913 1010 3969 κακὰ
1035 3921 1161 3978 septaes

45 3994 205 4052 συνενείκαιεν,
223 3998 252 4043 ut
271 3996 310 4042 est
328 3989 396 4056 apud
415 3989 577 4040 Herodotum
595 3989 654 4054 Vll,
675 3993 735 4042 152.
888 3991 998 4058 Tenen]
1017 3998 1074 4040 ram
1092 3991 1159 4043 coni.

45 4049 138 4112 liothius
156 4069 260 4132 propter
277 4061 402 4125 metrum,
420 4061 547 4128 imperite.

142 4167 193 4232 51.
222 4178 329 4245 narum]
347 4176 495 4240 Victorius,
514 4177 661 4245 Scioppius.
708 4193 819 4227 narrum
836 4177 910 4230 codd.
938 4182 1047 4246 excepto
1065 4178 1091 4229 b.
1115 4179 1160 4243 qui

47 4257 149 4300 acerram.
227 4302 232 4314 ,
273 4254 349 4320 Quae
371 4266 439 4318 pers
464 4280 609 4300 ......
635 4246 668 4296 ‘oc
686 4247 763 4314 sunt]
783 4266 851 4318 quae
868 4267 933 4317 pars
952 4249 1048 4318 agendi
1065 4258 1106 4300 est
1125 4247 1160 4296 ab

49 4314 192 4381 adscendo,
210 4323 243 4376 cic
260 4331 324 4376 serat
343 4321 373 4373 F.
410 4319 475 4374 item
494 4319 546 4384 H.,
564 4319 611 4372 nisi
630 4318 700 4386 quod
718 4328 745 4370 et
762 4335 810 4390 pro
827 4329 883 4380 err,
912 4327 940 4374 et
957 4323 1006 4388 6.,
1025 4321 1073 4376 nisi
1090 4319 1159 4386 quod
