2874 4804
256 241 341 320 258
632 261 773 310 'arnan
808 263 1001 312 acernus

257 453 403 506 numero
427 437 463 502 ct
491 421 630 498 casibus
656 425 782 498 similia
808 437 890 499 sunt
916 426 1006 500 inter
1036 453 1096 523 se,
1131 426 1227 526 quod
1250 437 1395 526 utraque

215 587 217 596 ι
257 545 292 608 et
319 531 460 605 uomina
484 537 588 619 sunt,
616 537 653 599 et
677 528 792 600 virilia
816 537 921 622 sunt,
950 540 984 602 et
1007 530 1219 630 singularia,
1254 541 1291 604 et
1316 555 1395 604 casu

197 665 249 712 m
257 631 459 708 nominandi
483 640 518 702 et
543 627 662 701 dandi.
831 627 900 702 66.
939 625 1107 706 Alterum
1136 658 1248 732 genus
1274 633 1395 706 vocale

213 727 221 742 ’
257 749 330 830 cst,
358 738 396 808 iu
421 757 492 832 quo
517 756 622 803 voces
648 729 752 804 modo
778 741 862 804 suut
887 736 1114 831 proportione
1137 733 1289 827 similos,
1328 762 1397 808 uon

256 865 337 932 res,
378 847 418 909 ut
451 833 555 932 biga,
591 831 715 932 bigae,
759 836 901 932 nuptia,
941 838 1094 934 nuptiae.
1153 837 1279 934 Neque
1305 839 1398 909 enim

255 943 294 1013 in
326 939 382 1010 his
411 962 468 1009 res
498 933 687 1034 singularis
722 933 842 1008 subest
874 962 968 1030 uua,
1008 963 1115 1036 quom
1145 937 1273 1012 dicitur
1297 937 1393 1038 biga,

257 1041 451 1140 quadriga3
486 1062 600 1134 neque
636 1035 680 1108 ab
713 1035 770 1108 his
806 1037 954 1111 vocibus
989 1065 1078 1138 quae
1109 1039 1280 1114 declinata
1316 1051 1398 1114 suut

256 1141 508 1232 multitudiuis,
549 1137 749 1238 significant
783 1139 999 1270 quidpiam,
1042 1142 1121 1217 ideo
1152 1141 1248 1240 quod
1281 1145 1398 1215 omnia

256 1242 508 1333 multitudinis,
550 1266 640 1339 quac
666 1239 888 1314 declinantur
924 1241 967 1315 ab
1003 1270 1097 1337 uuo,
1132 1256 1171 1316 ut
1200 1271 1221 1316 a
1247 1245 1396 1338 merula,

255 1345 429 1438 merulae,
465 1352 547 1416 suut
570 1341 740 1414 eiusmodi
762 1354 804 1416 ut
830 1344 1000 1445 singulari
1030 1345 1310 1445 subiungantur:
1347 1349 1397 1418 sic

256 1447 410 1520 merulae
432 1444 541 1537 duae,
577 1443 711 1516 catulae
732 1454 825 1539 tres,
860 1446 996 1520 seculae
1016 1459 1192 1546 quattuor.
1326 1446 1396 1520 67.

256 1549 377 1642 Quare
403 1546 600 1621 cumidem
632 1571 704 1619 nou
735 1549 847 1644 possit
872 1547 1057 1648 subiungi,
1092 1549 1187 1648 quod
1214 1578 1286 1625 uon
1313 1549 1400 1623 dici·

255 1677 334 1722 mus
375 1649 459 1749 biga
499 1674 590 1739 una,
633 1647 757 1747 quadri
783 1676 824 1724 ae
858 1651 970 1744 duae,
1012 1655 1155 1750 nuptiae
1197 1663 1292 1746 tres,
1336 1655 1399 1726 sed

186 1778 322 1851 sorpto
351 1777 393 1824 co
425 1775 539 1821 unae
571 1746 724 1846 bigae,
758 1676 897 1827 liinae
931 1754 1206 1852 quadrigae,
1242 1757 1401 1829 trinae

258 1855 466 1950 nuptiae:
496 1860 640 1948 apparet
662 1871 737 1922 uou
762 1877 837 1924 esse
860 1852 943 1953 biga
968 1865 1005 1926 et
1029 1857 1213 1956 quadriga,
1238 1868 1273 1930 et
1296 1857 1401 1956 bigae

258 1967 292 2028 et
317 1954 530 2052 quadrigae,
560 1951 623 2024 sed
648 1961 690 2023 ut
717 1961 772 2024 est
795 1952 901 2026 huius
925 1953 1058 2028 ordinis
1085 1985 1169 2051 uua,
1195 1958 1297 2049 duae,
1329 1972 1400 2032 tres

257 2059 467 2154 principium
492 2079 600 2125 uuaz
633 2054 685 2126 sic
711 2055 750 2125 in
773 2053 842 2128 hoc
865 2056 988 2130 ordine
1013 2057 1122 2132 altero
1146 2085 1249 2154 unae,
1278 2060 1397 2154 binae,
1430 2089 1431 2170 ,

258 2161 391 2249 trinae,
425 2157 637 2254 principium
660 2165 713 2228 est
739 2183 868 2230 unae.
995 2157 1063 2232 68.
1101 2161 1261 2235 Tertium
1287 2189 1400 2263 genus
1430 2171 1431 2222 l

259 2269 311 2332 est
342 2258 429 2339 illud
464 2255 613 2355 duplert,
650 2257 747 2355 quod
774 2258 868 2352 dixi,
906 2261 944 2331 iu
971 2286 1042 2360 quo
1076 2272 1111 2335 et
1140 2290 1198 2336 res
1234 2276 1269 2337 et
1295 2291 1401 2338 voces

260 2361 416 2434 similiter
450 2360 677 2457 proportione
710 2359 899 2454 dicuutur,
942 2374 981 2436 ut
1014 2362 1185 2458 bonus,
1222 2367 1397 2440 malus:

184 2462 386 2560 (unboni,
421 2461 550 2556 mali,
594 2460 638 2532 de
665 2486 815 2560 quorum
840 2463 999 2564 analogia
1025 2477 1060 2538 et
1083 2462 1342 2566 Aristophanes
1369 2481 1403 2541 et

260 2565 318 2636 alii
343 2567 570 2662 scripserunt.
627 2561 769 2635 Etenim
795 2564 882 2637 haec
907 2565 1056 2665 denique
1081 2569 1258 2668 perfecta,
1298 2573 1403 2663 utin

260 2668 414 2739 oratioue
447 2664 527 2738 illae
559 2663 648 2737 duae
683 2666 859 2763 simplices
893 2668 1076 2742 incohatae
1110 2671 1314 2772 analogiae,
1358 2673 1404 2745 de

260 2766 387 2866 quibus
407 2777 524 2840 tamen
550 2768 736 2864 separatim
756 2767 884 2862 dicam,
913 2771 1010 2868 quod
1028 2771 1084 2845 his
1107 2798 1246 2871 quoque
1269 2777 1405 2847 utimur

260 2872 297 2941 in
319 2869 355 2942 lo
404 2867 507 2941 endo.

392 2967 433 3042 9.
470 2968 542 3044 Sed
566 2970 664 3070 prius
688 2968 732 3042 de
757 2971 928 3069 perfecta,
957 2975 994 3046 in
1015 3001 1085 3074 qua
1103 2985 1139 3049 et
1157 3003 1214 3051 res
1237 2990 1272 3053 et
1293 3004 1404 3053 voces

262 3072 412 3171 quadam
448 3071 671 3145 similitudine
705 3075 948 3170 continentur,
995 3080 1121 3176 quoius
1154 3106 1283 3180 genera
1319 3093 1405 3154 sunt

264 3176 352 3263 tria,
391 3200 499 3245 unum
531 3173 758 3246 vernaculum
790 3201 832 3249 ac
866 3177 959 3251 dorni
990 3191 1129 3274 natum,
1165 3181 1314 3256 alterum
1339 3185 1430 3275 adi

262 3276 468 3366 ventitium,
511 3276 649 3348 tertium
687 3276 836 3350 nothum
870 3307 914 3353 ex
947 3285 1130 3383 peregrino
1164 3282 1224 3356 hic
1263 3297 1400 3358 natum.

263 3376 503 3453 Vernaculum
536 3386 590 3449 est
625 3388 665 3449 ut
705 3389 836 3454 sutor
876 3391 910 3454 et
944 3386 1118 3481 pistor3
1172 3389 1323 3460 sutori
1368 3398 1402 3461 et

264 3481 444 3578 pistori.
487 3473 731 3552 Adveutitium
752 3491 805 3554 est
826 3493 866 3556 ut
886 3484 1127 3579 Hectores,
1155 3487 1192 3558 N
1201 3499 1399 3584 estores3

264 3582 512 3674 Hectoras,
554 3579 794 3656 Nestoras.
863 3586 1024 3663 Tertium
1056 3587 1145 3662 illud
1181 3589 1332 3664 uotlrum
1366 3601 1401 3664 ut

264 3785 409 3852 nursinum]
426 3783 611 3838 nominatuum
638 3783 697 3840 huic
715 3787 774 3840 loco
792 3789 878 3858 aptius
894 3795 973 3844 esset.
1110 3790 1211 3844 similia
1227 3796 1307 3864 sunt]
1326 3796 1399 3849 codd.

263 3857 363 3920 riutilio
380 3866 446 3909 sunt
460 3856 637 3928 proportione.
655 3858 756 3910 similia
772 3875 815 3928 vg.
883 3901 886 3910 ,
929 3861 1058 3932 utroque]
1075 3863 1133 3918 FG.
1170 3873 1319 3937 utrumque
1337 3869 1391 3922 Ha.

374 3957 428 4027 66.
453 3963 578 4039 ,οατιῖἱαο]
595 3974 670 4026 codd.
692 3974 799 4042 (catule
815 3977 854 4044 a.)
878 3973 1002 4030 'coculae
1020 3993 1062 4046 vg.

301 4081 303 4086 ⁵
375 4073 428 4140 67.
453 4087 524 4170 quod
540 4089 604 4174 noa]
624 4091 771 4175 Scioppius.
809 4112 888 4164 quom
906 4093 941 4146 H.
978 4112 1039 4146 cum
1057 4101 1118 4150 cett.
1150 4165 1156 4178 Ι
1252 4093 1319 4170 diga
1334 4099 1400 4164 uno]

262 4158 359 4226 scripsi.
396 4176 452 4211 uno
469 4157 531 4230 bigo
548 4159 696 4229 Scioppius.
740 4163 903 4236 bigaranas
921 4165 997 4219 codd.
1128 4163 1203 4240 bigo]
1221 4183 1264 4236 vg.
1302 4188 1322 4222 o
1339 4169 1400 4242 bigo

262 4229 338 4283 codd.
452 4247 523 4287 uno,
542 4230 624 4296 cona]
642 4249 685 4299 vg.
722 4253 792 4287 unco
812 4235 896 4303 (onoc
913 4237 952 4306 a.)
972 4237 1041 4288 duco
1059 4237 1133 4292 codd.
1197 4305 1200 4312 1

306 4413 309 4418 Ι
373 4315 424 4382 68.
447 4332 600 4400 incohatae]
618 4332 678 4390 Ga?
706 4338 847 4394 inchoatae
865 4349 926 4398 cett.
945 4341 1021 4400 codd.
