2874 4804
263 240 347 320 m
666 267 992 317 suscitemus

375 431 436 514 22,
461 449 488 502 4.
505 443 575 497 idem
688 449 715 497 5.
735 446 907 500 artemidori
1018 449 1120 520 epltesis
1183 471 1205 504 ¹,

306 591 308 598 ‘
376 569 439 652 23,
463 589 489 640 4.
508 579 663 652 aperientur
776 587 801 635 6.
827 600 887 634 cum
999 589 1025 636 7.
1049 581 1145 636 liberos
1260 589 1286 636 8.
1306 584 1391 655 appel·
1421 593 1422 618 ¹

264 675 391 729 laverunt
498 673 547 727 lac.
565 691 613 744 pro
630 691 655 729 v.
674 668 812 742 ἀναλογίας
907 679 933 729 9.
950 675 1137 748 negligendum
1243 683 1287 732 10.
1305 678 1392 730 simili-

264 768 384 820 tudinem
404 765 447 835 (ut
463 765 522 820 FH.
559 763 802 817 dissimilitudinem
820 781 845 818 a·
869 771 898 820 ut
914 766 1030 833 videtur,
1054 773 1083 820 ut
1101 769 1158 837 vg.)
1294 773 1337 822 10.
1356 773 1392 820 ll.

263 869 395 912 vocarunt
415 859 457 927 (et
475 858 538 926 lac.)
588 841 590 846 ¹
652 859 695 910 ll.
713 865 849 928 utrunque
962 862 1006 912 12.
1024 857 1053 910 in
1070 875 1122 913 om.
1237 863 1280 914 12.
1299 865 1342 914 13.
1359 860 1391 910 sis

264 949 383 1004 anomali

375 1051 434 1130 24,
456 1071 482 1119 3.
501 1064 603 1142 priores
620 1063 733 1136 (prioris
750 1065 839 1134 FHa.)
858 1075 914 1118 tres
1003 1063 1181 1136 declinatione
1268 1071 1293 1120 4.
1310 1074 1391 1134 poste-

262 1155 341 1210 rioris
360 1155 533 1226 (posteriores
550 1156 639 1224 FHa.)
730 1156 929 1230 compaginibus
1017 1161 1043 1210 8.
1062 1174 1122 1208 cum
1216 1159 1243 1209 9.
1260 1154 1392 1225 incipimus

375 1278 437 1358 25,
463 1296 489 1346 1.
508 1288 609 1342 dicitur
632 1363 634 1371 y
722 1295 748 1344 2.
767 1301 809 1343 est
827 1309 877 1346 om.
992 1296 1018 1346 3.
1039 1290 1134 1362 puella
1151 1307 1202 1346 om.
1320 1307 1390 1344 avum

263 1391 289 1440 9.
307 1381 429 1436 imberbis
552 1386 578 1436 6.
595 1399 679 1434 sermo
996 1387 997 1391 ’
1421 1405 1422 1440 p

374 1507 434 1586 26,
462 1516 684 1590 &intelligatur
805 1526 831 1574 i.
856 1521 949 1592 Neque
972 1520 1010 1572 ad
1032 1531 1174 1592 utrumque
1297 1525 1325 1573 9.
1342 1537 1391 1571 cum

264 1619 290 1670 9.
309 1617 351 1668 19.
369 1609 555 1686 negligendum
668 1614 711 1664 10.
730 1609 802 1664 brevi
1421 1625 1422 1636 .

270 1793 271 1800 ,
376 1735 438 1815 27,
462 1753 488 1802 9.
508 1763 567 1798 aum
585 1747 640 1798 sint
755 1751 781 1800 4.
800 1747 824 1799 si
841 1764 891 1802 om.

376 1871 436 1951 28,
462 1889 487 1938 1.
505 1879 614 1935 Accidit
734 1887 760 1936 2.
785 1881 930 1953 adsumpta
1052 1891 1078 1937 3.
1101 1873 1163 1936 ⁴curn
1285 1889 1314 1938 4.
1329 1881 1392 1954 palio

263 1985 289 2033 5.
306 1975 528 2050 inaequalitatem

377 2099 439 2177 29,
468 2117 494 2164 2.
513 2112 561 2164 lac.
579 2111 637 2163 loco
654 2125 679 2161 v.
698 2111 851 2180 περίστυλον
1118 2167 1124 2178 ι
1142 2145 1144 2150 .

376 2231 439 2311 30,
465 2249 635 2302 Loumet·
725 2249 753 2298 2.
771 2247 935 2319 caeterisque
1041 2253 1067 2302 2.
1086 2255 1112 2304 3.
1131 2253 1278 2322 adsumpta
1371 2257 1390 2305 t.

263 2338 446 2412 inaequalitas
628 2347 632 2354 '

373 2461 433 2542 31,
462 2480 490 2529 9.
507 2485 549 2528 est
648 2480 675 2528 5.
693 2476 722 2526 in
740 2485 810 2528 tecto
828 2493 879 2532 om.
974 2479 1129 2536 mitam,
1199 2483 1241 2533 10.
1259 2479 1287 2532 si
1306 2478 1391 2532 bellum

261 2571 304 2621 11.
322 2565 468 2620 discessum
484 2575 512 2617 et
529 2566 567 2617 ad
585 2567 734 2620 utilitatem
1118 2563 1121 2570 ’

374 2687 434 2766 32,
455 2707 481 2756 o.
500 2705 548 2757 lae.
567 2719 614 2772 pro
634 2701 697 2754 alm
806 2690 918 2757 loliis
1032 2709 1074 2758 11.
1093 2691 1208 2758 iocbnoa
1295 2709 1391 2760 121³.

260 2789 476 2846 dissimilitudine
590 2799 633 2848 1³.
651 2794 792 2847 vitandum

373 2911 435 2992 33,
460 2929 486 2980 2.
504 2925 579 2980 nobis
597 2943 647 2982 om.
762 2931 789 2982 4.
808 2947 868 2982 cum
938 2936 989 2985 .6.
1008 2941 1125 3003 quatuor
1220 2937 1249 2990 9.
1267 2931 1422 3005 analogia

259 3013 286 3073 9.
303 3018 550 3089 repraehendendus
1188 3033 1192 3044 '

372 3137 433 3218 34,
459 3159 484 3207 3.
503 3154 540 3206 sit
629 3160 655 3210 4.
674 3174 692 3206 a
780 3161 806 3209 5.
825 3171 844 3206 a
942 3160 968 3212 6.
988 3155 1083 3208 bonum
1100 3165 1128 3206 et
1145 3153 1245 3208 malum
1329 3140 1390 3213 ’ἦα

239 3247 322 3307 x8.o
402 3246 428 3294 9.
449 3258 493 3291 α.
545 3249 589 3300 10.
607 3245 707 3314 iupiter
777 3255 806 3298 et
823 3261 873 3299 om.

277 3431 315 3440 ..
372 3371 433 3449 35,
461 3382 571 3438 uiam
656 3387 761 3459 douln
849 3379 969 3451 suerunt
1069 3381 1121 3433 dici
1226 3389 1253 3438 7,
1269 3383 1422 3466 ΛΜΨ

259 3485 285 3535 i.
304 3484 331 3532 Β.
349 3473 573 3546 Atbeneopolitae
1036 3495 1037 3500 ,
1421 3469 1422 3480 ¹

372 3596 432 3676 36,
457 3614 484 3664 9.
503 3627 522 3660 a
593 3605 716 3663 absolvo,
735 3603 872 3656 absolvam
890 3605 955 3673 (uon
975 3603 1070 3673 abluo,
1088 3588 1211 3678 abluam)
1281 3617 1307 3665 ’1.
1325 3607 1386 3662 ueris

161 3753 166 3762 ,
258 3709 285 3760 i.
304 3699 480 3770 muliebribus
588 3703 615 3751 8.
635 3705 667 3748 ut
682 3695 814 3750 Plautius
928 3699 954 3748 9.
972 3705 1000 3747 et
1018 3698 1145 3752 cometine

371 3823 433 3903 37,
457 3841 484 3890 9.
503 3839 531 3884 et
548 3827 697 3884 similitudo
811 3848 870 3882 cum
893 3833 922 3884 in

292 3963 296 3970 '
371 3949 433 4030 38,
460 3965 486 4016 4.
504 3954 664 4024 Aethiopem
770 3952 861 4006 dentes
879 3971 929 4010 om.

371 4069 430 4149 39,
450 4088 476 4138 1.
494 4100 513 4133 a
602 4083 628 4132 9.
653 4077 781 4150 analogia
840 4145 844 4155 y

371 4181 440 4264 40‚·
449 4201 474 4251 4.
496 4195 671 4268 intelligimus
760 4197 786 4252 4.
803 4197 830 4247 ⁵.
849 4191 942 4247 debeat
959 4213 1014 4248 esse
1103 4202 1132 4252 5.
1143 4195 1266 4270 foemina
1352 4193 1422 4245 sit1

152 4339 157 4356 .
260 4305 310 4348 om.
382 4293 409 4344 6.
425 4305 518 4342 nomen
533 4295 562 4340 et
577 4303 615 4338 an
681 4283 726 4337 ille
794 4351 801 4360 .
