2890 4820
286 275 369 330 XLV!
603 279 854 328 ARGUMENTA
886 279 1101 329 vnnaonts

369 445 409 510 C.
440 445 479 508 de
507 439 740 532 iungendi,

370 584 414 649 D.
440 584 480 648 de
509 577 859 646 adminiculandi
887 579 995 642 verbis
1024 580 1195 669 agebatur.
1265 579 1413 647 Ultimo

288 675 356 737 loco
390 669 559 734 dicebatur
591 666 631 729 de
665 662 927 750 discrepantibus
961 667 1158 751 scriptorum
1190 667 1230 732 de
1264 669 1413 758 oocalopin

287 757 477 834 sententiis,
509 777 541 816 o.
567 750 677 830 VIII,
700 749 813 838 Mt).

398 895 454 958 Ex
482 891 546 956 leuc
574 889 651 956 libri
674 895 770 974 purte
800 897 919 982 utque,
954 898 992 951 ut
1011 899 1112 974 puto,
1144 915 1188 958 ex
1213 892 1416 958 conclusione

287 987 578 1060 strumentorum,
602 975 724 1038 liaustu
744 983 842 1054 sunt,
868 995 954 1068 quoe
977 973 1135 1065 lepuntur
1154 978 1248 1064 opud
1270 977 1415 1042 Gnmrcn

286 1003 348 1144 [Il
368 1066 455 1128 25.ε
488 1063 539 1127 M.
559 1061 726 1125 Varronis
748 1058 831 1123 liber
853 1058 899 1120 od
922 1057 1110 1124 Ciceronem
1138 1063 1178 1126 de
1201 1064 1337 1155 Linpuu
1360 1065 1416 1126 Lc-

288 1153 360 1216 tinu
396 1148 526 1212 nullom
565 1169 634 1211 esse
666 1144 925 1209 obseruationem
964 1146 1124 1210 similium
1156 1147 1270 1230 docet,
1321 1152 1359 1212 in
1381 1176 1415 1213 ue

287 1236 439 1302 omnibus
472 1256 578 1320 paene
608 1230 728 1296 uerbis
754 1231 1025 1294 consuetudinem
1057 1231 1226 1298 dominari
1258 1172 1413 1301 ostenelit:

288 1320 380 1386 Sicut
400 1343 474 1385 eum
498 1319 657 1398 dicimus,
688 1317 818 1410 inquit,
852 1315 950 1404 lupus
971 1315 1064 1405 lupi,
1095 1317 1217 1405 probus
1242 1320 1360 1408 probi,
1391 1333 1416 1384 et

286 1406 381 1495 lepus
402 1404 547 1493 leporis,
577 1402 656 1466 item
675 1422 754 1489 paro
775 1400 907 1502 paravi,
938 1400 1009 1467 lavo
1031 1402 1118 1486 lavi,
1147 1429 1258 1493 pungo
1280 1408 1414 1496 pupugi.

284 1492 387 1557 tundo
410 1488 538 1570 tutudi,
573 1497 606 1551 et
628 1485 729 1576 pingo
753 1484 859 1574 pmxi.
912 1484 1083 1577 Cumque,
1118 1492 1246 1586 inquit,
1280 1515 1416 1558 acoeno

286 1587 319 1642 et
338 1576 482 1664 prandeo
504 1583 537 1636 ct
560 1582 660 1660 poto,
694 1581 727 1635 et
746 1581 900 1636 coenatus
921 1594 1014 1656 sum,
1046 1584 1080 1638 et
1100 1598 1240 1663 pransus
1263 1600 1358 1660 sum,
1391 1590 1417 1642 et

310 1674 383 1725 otus
412 1683 484 1723 sum
511 1657 676 1721 dicamus:
711 1665 744 1719 et
764 1682 783 1721 a
808 1655 992 1748 destringor
1013 1669 1119 1725 tamen
1142 1672 1175 1725 et
1197 1671 1369 1753 extergeor
1390 1675 1434 1727 et'

285 1687 395 1830 lavor,
426 1741 585 1808 destrinxi
606 1753 639 1806 et
659 1741 779 1805 extersi
803 1750 836 1804 et
856 1740 921 1807 lavi
943 1743 1093 1809 dicimus.
1138 1745 1220 1810 Item
1241 1771 1316 1813 eum
1338 1750 1416 1813 dica·

286 1855 359 1898 mus
386 1829 427 1895 ab
453 1827 560 1910 Osco,
589 1827 721 1908 Tusco,
750 1825 897 1908 Graeco,
929 1826 1034 1911 Osce,
1064 1830 1195 1914 Tusce,
1226 1832 1373 1900 Graece:
1402 1808 1435 1898 al

287 1917 383 1984 Gallo
404 1925 511 1980 tamen
537 1923 569 1977 ct
592 1938 610 1978 a
630 1912 746 1977 Mauro
768 1911 894 1977 Gallice
917 1924 949 1978 et
969 1912 1116 1980 Maurice
1138 1917 1287 1984 dicimus.
1341 1919 1416 1984 Item

286 2027 305 2067 a
331 2001 455 2092 probus
482 1999 608 2088 probe,
639 2023 658 2062 a
684 1999 797 2062 doctus
824 1999 938 2085 docte,
972 1999 1072 2065 seda
1096 2025 1189 2067 rarus
1211 2028 1278 2070 non
1304 2004 1417 2071 dicitur

285 2113 379 2170 rare,
411 2087 469 2151 sed
492 2085 550 2149 alii
572 2107 645 2149 raro
667 2084 799 2167 dieunt,
830 2083 888 2149 alii
911 2096 1066 2152 rarenter.
1119 2090 1211 2154 Idem
1231 2092 1282 2156 M.
1310 2092 1416 2156 Varro

285 2178 323 2238 in
344 2173 456 2237 codem
478 2171 582 2236 libros
612 2169 765 2250 Sentior,
795 2172 924 2266 inquit,
953 2194 1050 2237 nemo
1072 2170 1172 2257 dicit,
1199 2185 1232 2238 et
1251 2176 1284 2239 id
1305 2201 1367 2262 per
1386 2201 1417 2242 se

286 2259 371 2324 nihil
404 2266 475 2322 est:
516 2255 677 2320 assentior
705 2265 812 2320 tamen
845 2256 915 2322 fere
947 2280 1060 2322 omnes
1097 2259 1220 2324 dicunt.
1282 2260 1417 2327 Sisenna

286 2368 372 2410 unus
393 2340 534 2410 assentio
556 2341 592 2406 in
612 2351 727 2408 senatu
746 2340 892 2426 dicebat,
918 2352 950 2408 ct
968 2366 1043 2408 eum
1061 2355 1174 2432 postca
1190 2345 1286 2412 multi
1304 2349 1416 2430 secuti,

287 2453 395 2520 neque
419 2439 532 2494 tamen
548 2427 679 2494 vincere
699 2427 969 2492 consuetudinem
989 2441 1177 2518 potnerunt.

368 2615 430 2679 IX.
474 2613 588 2695 Quae
619 2637 697 2702 pro
737 2612 1033 2679 similitudine
1067 2639 1095 2681 s.
1129 2619 1333 2709 analogia
1369 2622 1417 2686 di.

285 2701 416 2766 cenda
443 2698 543 2763 sint.

247 2895 249 2902 ·
348 2855 621 2920 Prooemium.
665 2857 697 2918 I.
721 2852 860 2920 Cratetis
882 2854 1039 2920 doctrina.
1084 2857 1119 2921 2.
1134 2859 1167 2924 3.
1194 2861 1417 2928 Aristarchum

284 2941 465 3044 analogiam
486 2940 684 3029 coniungere
707 2964 783 3004 cum
806 2942 1053 3006 consuetudine.
1097 2944 1217 3010 1-6.
1247 2948 1298 3014 De
1325 2951 1418 3018 trinis

286 3028 412 3117 copuhs
435 3026 649 3111 discernitur,
677 3036 810 3091 naturae
837 3036 869 3090 et
893 3027 1007 3110 usuis,
1036 3028 1255 3098 multitudinis
1277 3045 1311 3099 et
1330 3037 1417 3116 finis,

285 3137 509 3201 personarum.

327 3253 355 3318 l.
383 3255 417 3319 7.
449 3252 515 3317 Pro
540 3250 739 3340 universa
766 3251 925 3343 analogia.

366 3385 412 3449 Α.
441 3380 803 3448 Consuetudinem
823 3405 888 3447 non
911 3404 1057 3471 pugnare
1080 3405 1155 3446 cum
1175 3384 1334 3475 analogia.
1385 3391 1417 3452 8.

285 3471 320 3536 9.
348 3469 431 3537 Nam
451 3463 719 3534 consuetudinem
737 3466 871 3531 rationis
891 3492 958 3533 non
978 3491 1049 3532 esse
1070 3479 1247 3557 expertem.
1291 3474 1418 3538 10.11.

284 3555 584 3635 Consuetudinem,
615 3549 646 3614 si
671 3549 754 3613 mala
781 3552 843 3635 sit,
874 3552 1106 3618 emendandum
1128 3577 1221 3639 esse,
1256 3558 1417 3623 12-15,

185 3692 189 3698 .
286 3643 336 3708 sie
358 3667 428 3706 eam
448 3641 483 3705 in
505 3639 578 3705 aliis
601 3634 700 3700 rebus
721 3636 897 3702 emendari.
941 3640 1066 3703 16.17.
1092 3637 1330 3729 corrigendum
1349 3669 1420 3708 esse

286 3751 381 3792 usum
410 3726 526 3816 populi
552 3719 731 3813 paulatim,
765 3723 904 3787 maxime
932 3748 951 3789 a
979 3724 1110 3810 poetis3
1153 3728 1208 3792 18.
1243 3738 1275 3791 et
1301 3741 1420 3794 rectam

285 3813 554 3914 consuetudinem
583 3809 793 3960 seguendam.
856 3811 901 3874 19
917 3849 961 3910 -·-
976 3811 1033 3911 223
1067 3810 1198 3913 Amissa
1229 3818 1419 3900 revocanda,

285 3923 368 3965 nova
389 3909 513 3962 ratione
537 3905 623 3961 intro
648 3893 770 3958 ucenda
792 3917 885 3978 esse,
917 3906 1001 3960 sieut
1022 3921 1058 3961 ιιι
1079 3896 1152 3962 alns
1176 3898 1274 3963 rebus
1295 3901 1363 3964 fiat.

366 4025 408 4092 B.
443 4024 636 4114 Analogiam
666 4047 847 4110 regnare
876 4025 1059 4116 ubique3
1102 4027 1285 4094 21-30,
1321 4041 1360 4094 nt
1387 4031 1420 4094 in

196 4165 199 4168 .
284 4121 349 4174 tota
370 4136 479 4176 rernm
501 4121 628 4191 natura,
651 4109 701 4174 sic'
718 4111 753 4174 in
771 4110 939 4176 hominnm
960 4136 1094 4202 corpore
1113 4123 1146 4178 ct
1164 4116 1303 4178 humana
1320 4139 1419 4198 voce,

284 4198 337 4260 31.
366 4199 422 4261 32.
465 4198 552 4261 inter
592 4196 721 4284 linguas
755 4196 918 4261 variorum
954 4199 1172 4288 populorum,
1220 4201 1274 4264 33.
1310 4200 1420 4290 itaque

308 4305 429 4372 ngnare
460 4293 570 4346 contra
598 4291 768 4363 naturam,
809 4283 867 4370 qni
902 4295 1011 4347 contra
1045 4285 1224 4373 analogiam
1259 4298 1418 4374 pugnent.

284 4305 340 4434 ll.
354 4369 407 4434 35.
429 4368 481 4433 De
496 4367 623 4433 duobus
637 4366 803 4456 analogiae
816 4369 1006 4456 generibus,
1024 4371 1162 4437 naturali
1177 4382 1212 4447 et
1222 4373 1419 4438 voluntario.
