2864 4814
441 223 764 324 §.oe-1⁶7.
961 178 970 192 ⁴
1059 226 1189 306 'oa

31 413 126 495 bello
147 410 389 512 Cartaginensi
414 413 526 510 primo
549 413 725 506 confecto,
750 413 872 487 eodem
892 415 999 488 anno'
1019 431 1174 516 opertam

31 517 82 588 et*
108 525 275 613 apertam.

162 647 256 722 166.
298 649 414 748 Super
447 649 585 722 lectulis
618 653 770 750 origines
806 678 894 750 quas
925 653 1058 728 adverti
1089 654 1234 733 hiatu

30 752 247 842 Lectica,
283 749 378 849 quod
399 751 561 851 legebant
585 753 677 838 unde
703 780 777 825 eam
802 755 957 828 facerent
982 767 1227 843 stramentum

30 865 138 950 atque
163 827 329 946 barbam,
365 864 406 926 ut
434 856 536 926 etiam
564 880 660 927 nunc
690 854 731 927 fit
762 857 960 930 incastris.
1014 857 1166 954 Lecti,

31 953 151 1052 quod,
185 981 230 1028 ne
255 966 370 1028 essent
393 958 430 1026 in
456 967 568 1049 terra,
596 955 754 1028 sublimis
776 959 813 1028 in
833 959 954 1057 lignis*
980 960 1170 1058 ponebant,

29 1058 101 1128 nisi
136 1054 180 1127 ab
214 1083 276 1147 eo,
319 1057 414 1155 quod
455 1055 584 1130 Graeci
621 1059 753 1154 antiqui
796 1057 956 1132 dicebant
997 1063 1174 1166 λέκτρον,

29 1157 164 1230 lectum
196 1161 323 1257 potius.
393 1157 466 1250 Qui
498 1158 656 1230 lecticam
689 1158 934 1253 involvebant,
972 1154 1067 1258 quod
1100 1167 1173 1254 fere

29 1271 221 1333 stramenta
243 1271 342 1334 erant
365 1286 386 1331 e
409 1270 544 1358 segete,
574 1263 843 1360 segestriam
867 1260 1105 1359 appellarunt,
1133 1278 1230 1356 utu-⁷

28 1363 139 1434 etiam
170 1387 264 1434 nunc
298 1363 335 1432 in
364 1363 507 1454 castris,
546 1362 616 1433 nisi
648 1364 679 1434 si
711 1387 732 1432 a
765 1361 935 1457 Graecia,
974 1389 1056 1436 nam
1087 1367 1173 1446 στέ.

29 1491 214 1565 γαστρον.
252 1461 324 1536 Ubi
343 1462 454 1550 lectus
478 1463 604 1534 mortui
626 1463 749 1556 fertrrr,
775 1462 937 1537 dicebant
961 1463 1245 1546 feretrumuu

29 1566 177 1658 nostri,
203 1563 333 1638 Graeci
368 1563 559 1669 φέρετρον.
799 1562 894 1638 167.
937 1566 1173 1665 Posteaquam
1252 1587 1255 1592 '

29 1668 247 1739 transierunt
270 1665 315 1737 ad
341 1666 506 1758 culcitas,
535 1664 630 1764 quod
652 1668 690 1736 in
711 1691 780 1746 eas.
792 1693 877 1738 acus
898 1677 959 1740 aut
983 1679 1173 1742 tomentum

32 1766 176 1840 aliudve
209 1766 294 1865 quid
324 1766 523 1858 calcabant,
559 1765 603 1837 ab
632 1765 841 1841 inculcando
869 1768 1039 1842 culcita
1065 1770 1170 1844 dicta.

32 1869 133 1949 Hac
149 1867 319 1966 quidquid
344 1865 599 1960 insternebaut,
635 1867 679 1939 ab
709 1870 895 1942 sternendo
918 1871 1233 1970 stragulum-qe
1309 1917 1318 1930 .

30 1967 269 2068 appellabant.
336 1969 565 2060 Pulvinar
597 1969 697 2041 vela
728 1971 888 2069 pluribus
918 1971 974 2043 vcl
999 1999 1019 2043 a
1047 1972 1175 2069 polulia

31 2070 265 2168 declinarunt.
320 2071 461 2163 Quibus
494 2070 737 2168 operibantur,
778 2075 1096 2170 operimenta,
1140 2086 1176 2148 et

30 2171 140 2270 pallia
165 2172 379 2272 opercula
403 2173 576 2244 dixerunt.
630 2175 675 2245 In
700 2173 756 2244 bis
775 2175 889 2246 multa
910 2178 1109 2274 peregrina,
1135 2188 1176 2248 ut
1242 2162 1245 2172 ¹

31 2299 210 2370 sagum,
255 2300 363 2346 reno
392 2273 551 2366 Gallica,
593 2285 629 2346 et
662 2301 910 2373 gannacum
945 2287 979 2348 et
1010 2276 1174 2373 amphi-

31 2375 223 2448 mallum
249 2374 385 2448 Graeca
397 2403 409 2470 3
445 2386 566 2448 contra
590 2375 755 2447 Latinum
789 2376 934 2467 toral,
976 2377 1071 2474 quod
1096 2389 1175 2450 ante

32 2486 170 2570 torum,
207 2489 242 2551 et
267 2489 394 2551 torus
425 2503 447 2548 a
471 2488 592 2570 torvo,
629 2477 724 2575 quod
752 2480 783 2550 is
814 2480 850 2549 iu
882 2488 1058 2576 promptu.
1101 2475 1174 2551 *Ab

33 2707 150 2761 Manlius
167 2709 228 2763 Cos.
247 2727 270 2762 0.
289 2725 315 2762 u.
333 2714 396 2763 519.
548 2681 680 2780 'opertam
698 2707 748 2774 η’]
768 2710 834 2763 coni.
853 2709 955 2776 addidi,
974 2727 1032 2764 cum
1050 2710 1175 2766 facillimo

34 2795 124 2833 errore
144 2780 266 2834 excidere
284 2784 406 2852 potuerit.
449 2782 480 2833 lu
498 2781 575 2833 codd.
594 2787 654 2834 ante
672 2781 759 2832 eodem
777 2782 880 2833 additur
893 2791 929 2832 et.

153 2891 226 2956 166.
250 2888 318 2972 eam]
335 2905 467 2958 Victorius
484 2909 512 2956 et
529 2920 571 2969 vg.
614 2903 669 2954 iam
686 2903 860 2970 FG(inverso
875 2904 968 2956 ordine
985 2903 1040 2954 iam
1058 2903 1141 2970 unde)
1150 2920 1173 2955 a.

36 2993 86 3029 om.
103 2976 158 3030 Hb.
265 2975 343 3026 Lecti
361 2976 442 3045 quod]
459 2975 604 3027 Turnebus.
641 2975 751 3024 lecticas
770 2976 845 3028 codd.
953 2974 1058 3042 lignia*]
1074 2975 1174 3042 scripsi,

35 3057 64 3100 ut
81 3054 187 3114 etymon
205 3047 324 3100 vocabuli
342 3047 454 3098 adesset.
491 3046 534 3096 liis
551 3045 643 3098 FGab.
675 3043 710 3095 iic
726 3045 762 3098 H.
877 3044 959 3116 quod]
969 3046 1003 3097 G.
1039 3063 1092 3115 quo
1110 3051 1172 3098 cett.
1265 3061 1268 3067 ·

39 3120 104 3188 Qut]
124 3135 160 3172 eu
178 3119 220 3172 ed.
238 3120 339 3171 Veneta
356 3117 391 3170 11.
410 3124 437 3170 et
455 3117 580 3170 Victorio.
619 3127 699 3188 'quam
718 3115 793 3168 codd.
829 3115 876 3192 pe
893 3116 938 3168 illo
956 3115 1005 3186 qui
1021 3133 1045 3168 v.
1063 3133 1121 3169 ann.
1139 3116 1173 3170 ad

36 3193 61 3254 S.
74 3195 119 3243 21.
166 3193 251 3244 Varro
276 3191 309 3240 de
336 3190 397 3242 Vita
421 3190 486 3256 Pop.
505 3189 583 3241 Rom.
600 3187 621 3240 1.
647 3203 689 3254 ap.
708 3187 822 3240 Nouium
846 3203 867 3239 s.
886 3203 910 3241 v.
937 3188 1066 3240 toriaiium
1091 3192 1171 3256 p.lt.

37 3262 114 3329 Quod
133 3261 196 3329 (scr.
217 3261 285 3332 quo)
305 3260 429 3332 frontem
453 3259 563 3310 lecticae
585 3257 743 3315 struebant,
768 3273 801 3308 ex
823 3275 856 3308 00
880 3257 963 3310 uerba
986 3267 1061 3310 torta
1084 3268 1173 3310 torum

37 3333 221 3400 appellatam,¹
249 3331 299 3382 boc
323 3331 395 3402 quod
417 3331 544 3390 inicitur,
572 3330 718 3380 etiamnum
742 3328 816 3380 toral
839 3329 961 3391 dicitar5
986 3329 1107 3382 lecticam
1126 3328 1173 3399 qai

38 3403 224 3468 involvebant,
241 3403 371 3473 segestria
387 3399 571 3471 appellabant·
1161 3405 1163 3412 ’

151 3515 223 3580 167.
251 3544 297 3578 eas
316 3527 392 3594 acus]
411 3527 557 3580 Turnebus.
599 3541 632 3574 00
649 3541 734 3594 sagus
758 3522 835 3576 codd.
1009 3517 1172 3588 HacJGHa.

39 3601 85 3654 boc
101 3603 133 3654 F.
170 3602 214 3652 uic
232 3600 258 3653 b.
385 3597 522 3666 pluribus]
541 3596 617 3649 codd.
651 3595 751 3666 plumea
768 3611 811 3660 vg.
855 3593 922 3646 Illud
939 3593 1049 3656 retinui,
1075 3594 1172 3660 quippe

2 3679 3 3682 ’
43 3672 82 3736 (ut
93 3675 145 3727 iam
158 3671 296 3734 Turnebus
309 3669 485 3738 intellexerat)
502 3671 586 3722 Varro
600 3668 686 3720 dicere
699 3666 814 3729 videtur,
831 3666 973 3733 pulvinaria
987 3665 1028 3716 rel
1043 3681 1058 3716 a
1071 3664 1170 3716 maiore

41 3757 144 3797 numero
159 3747 200 3797 vei
215 3760 231 3793 a
244 3742 369 3810 parvitate
383 3743 544 3808 pulvinorum
558 3757 579 3794 s.
592 3741 743 3790 culcitrarum
755 3737 885 3804 appellata
898 3751 964 3788 esse.
1056 3734 1169 3804 palutio]

43 3814 71 3878 (i.
85 3833 108 3869 e.
122 3813 248 3885 paululis)
257 3813 318 3866 GH.
350 3810 462 3878 pallulis
472 3813 516 3877 (ut
527 3809 715 3880 paulluliSJFu.
748 3805 863 3875 pallulis
877 3807 903 3861 b.
939 3807 1035 3860 Fertne
1059 3805 1170 3874 polulus

41 3895 99 3940 nota
117 3905 151 3940 ex
162 3889 270 3939 Catone.
290 3883 322 3936 cf.
335 3899 393 3934 ann.
406 3883 439 3934 06
453 3887 477 3948 5.
487 3889 530 3936 95.
545 3890 572 3935 et
588 3883 696 3936 similem
715 3879 897 3944 etymologiam
915 3880 1036 3946 pauperis
1053 3895 1069 3930 0
1083 3873 1169 3944 paulo

42 3956 95 4007 lare
109 3975 188 4029 supra
200 3960 275 4022 §.92
290 3963 317 4008 et
332 3953 432 4022 paludis
445 3972 461 4005 a
470 3954 616 4022 paululum
629 3969 717 4022 aquae
733 3952 807 4014 §.26.
897 3950 1003 4000 Gallica
1014 3949 1053 4016 et]
1070 3948 1170 4016 scripsi.

43 4029 111 4078 Galli
129 4029 196 4102 quid
211 4026 302 4080 FGab.
340 4025 413 4076 Galli
428 4025 499 4096 quod
511 4023 547 4076 H.
661 4021 826 4090 gannacum]
844 4023 910 4074 coni.
938 4033 1112 4092 gaunccumo
1123 4019 1171 4072 Fa.

41 4116 132 4166 gauno
144 4117 249 4152 cumma
261 4097 322 4150 GH.
342 4100 495 4166 ganacama
505 4097 535 4148 b.
548 4093 615 4147 Illud
628 4095 731 4145 videtur
742 4108 881 4160 procusum
893 4109 927 4145 ex
937 4095 1040 4145 Graeco
1050 4086 1172 4158 καυνάκη,

43 4172 107 4224 uude
125 4174 204 4227 etiam
222 4169 391 4238 gaunacarius
405 4169 506 4224 artilex.
539 4167 705 4234 Improbabiii
720 4164 868 4216 coniectura
886 4164 1034 4217 Clrecoltiue
1052 4164 1078 4214 iu
1096 4163 1172 4214 Gorii

44 4241 128 4305 Symb.
147 4245 225 4299 litter.
243 4242 321 4293 Rom.
339 4238 372 4291 T.
383 4238 454 4292 Vlll.
472 4258 497 4308 p.
508 4242 569 4290 172.
588 4239 673 4290 locum
691 4238 729 4288 sic
746 4235 869 4300 corrigit:
897 4245 929 4286 ut
952 4253 1064 4306 sagum,
1090 4233 1172 4284 rheno

45 4314 140 4367 Gallice
149 4336 160 4377 ,·
186 4317 217 4367 id
231 4328 386 4385 gaunaoum
405 4312 558 4370 Persicum,
582 4305 773 4378 amphimallon
791 4309 899 4360 Graece.
1016 4301 1103 4370 10001]
1122 4317 1171 4354 ern.

745 4405 766 4468 5
