2864 4814
272 283 326 356 96
678 305 799 350 arura
838 301 1007 347 333333.

245 496 412 543 manum
446 476 642 541 consertum
676 487 812 534 333333.
866 459 964 532 Η133
993 457 1200 530 33333333
1232 479 1341 527 manu
1371 456 1400 524 in

273 573 486 662 libertatem,
516 591 621 666 quom
648 564 861 662 prendimus.
916 561 978 635 Sic
1009 584 1158 660 augures
1188 557 1333 630 dicunt:
1370 562 1402 627 Si

273 677 363 747 mitt
388 687 520 746 auctor
550 685 604 741 est
627 669 763 760 oerbii·
791 717 800 736 .
828 717 837 734 .
865 717 874 737 .
902 716 911 735 .

214 822 264 892 333
409 789 413 800 ’
608 789 758 858 Desunt
792 787 984 881 quaedam.

191 979 196 989 .
277 968 323 986 ..
354 967 362 985 .
393 937 471 985 nam
505 934 610 983 manu
636 930 792 978 asserere
817 905 902 977 dicit
929 957 938 974 .
965 955 1008 974 ..

612 1021 758 1098 Deserit
793 1013 988 1125 33333333.

273 1151 342 1226 65.
376 1203 419 1222 ..
449 1205 458 1221 .
487 1164 685 1246 consortes,
724 1147 808 1220 bine
833 1149 935 1220 etiam
953 1146 965 1172 ’
983 1146 1052 1242 ipsi
1077 1153 1336 1234 consortes,
1365 1141 1403 1212 ad

273 1281 362 1352 quos
388 1253 540 1326 eadem*
566 1279 665 1346 sors3
705 1249 788 1322 bine
812 1251 914 1322 etiam
946 1259 1118 1339 sortes,
1156 1245 1255 1342 quod
1284 1243 1402 1314 inbis

272 1359 568 1450 iuncta'tempora
590 1380 669 1426 cum
692 1349 892 1425 hominibus
913 1374 955 1421 ac
976 1348 1102 1441 rebus,
1130 1346 1174 1418 ab
1194 1345 1250 1418 his
1276 1347 1401 1418 sorti·

273 1457 389 1556 13315
418 1457 462 1528 ab
488 1454 726 1552 bocpecunia
751 1453 900 1551 quaein
926 1450 1087 1544 foenore,
1121 1475 1220 1522 sors
1246 1457 1318 1541 est,
1344 1448 1402 1518 im·

274 1559 438 1657 pendium
464 1558 558 1655 quod
583 1557 673 1629 inter
694 1582 732 1629 se
757 1558 889 1654 iungat.

230 1713 265 1760 33
396 1690 464 1763 66.
507 1693 689 1790 Legcre
726 1673 857 1763 dictum
890 1690 984 1788 quod
1019 1688 1182 1787 leguntur
1216 1683 1260 1757 ab
1296 1681 1402 1756 oeulis

212 1794 414 1889 zea-literae,
451 1792 529 1865 ideo
552 1796 655 1863 etiam
679 1792 841 1889 legati,
874 1791 969 1889 quod
996 1801 1034 1863 31
1064 1788 1204 1886 publice
1228 1789 1402 1858 mittantur

272 1895 450 1994 leguntur.
503 1895 592 1967 Item
618 1891 663 1964 ab
688 1893 836 1991 legendo
861 1892 1009 1992 leguli
1040 1892 1102 1991 qui
1127 1889 1237 1963 oleam
1261 1899 1322 1958 aut
1347 1888 1421 1983 qni

275 2023 362 2070 uvas
401 1997 546 2095 legunt5
600 1995 682 2068 binc
722 1994 967 2094 legumina
1011 1995 1048 2064 13
1088 1990 1247 2090 frugibus
1285 1991 1400 2068 333113.

273 2097 391 2169 Etiam
422 2097 547 2196 leges
580 2122 668 2194 3333
693 2095 802 2169 133133
828 2107 864 2169 31
893 2096 939 2167 33
971 2094 1138 2193 populum
1165 2093 1278 2185 latae,
1319 2115 1401 2188 quas

179 2245 185 2260 κ
271 2198 458 2292 observet,
501 2198 583 2271 hinc
619 2198 843 2296 legitima.
896 2198 961 2270 'Et
998 2195 1208 2294 collegae
1244 2195 1306 2290 331
1337 2217 1421 2264 una¹

272 2300 378 2392 lecti,
419 2311 455 2372 et
485 2303 546 2397 qni
577 2303 614 2372 in
645 2326 763 2372 eorum
798 2299 915 2374 locum
946 2299 1134 2396 suppositi,
1176 2294 1400 2384 sublecti3

273 2402 381 2474 additi
412 2401 594 2496 allecti,
637 2414 672 2474 31
701 2401 899 2475 33113313
931 2427 1021 2498 3333
1048 2391 1092 2472 eir
1125 2397 1284 2496 pluribus
1317 2395 1421 2467 loeis

271 2505 308 2573 13
334 2531 442 2575 unum
465 2503 569 2576 lecta.
621 2500 683 2575 Ab
710 2501 924 2604 legendo.li
933 2529 1018 2601 gna
1053 2525 1211 2599 quoque,
1248 2496 1342 2596 quod
1367 2521 1402 2568 33

273 2603 406 2674 333333
437 2603 642 2702 legebantur
674 2607 711 2676 in
737 2631 822 2704 agro
852 2604 980 2703 quibus
1008 2603 1185 2674 inlocum
1212 2610 1400 2672 uterentur.

271 2702 431 2777 Indidem
457 2703 501 2775 ab
522 2704 669 2804 legendo
694 2706 820 2806 legio
844 2719 880 2780 et
902 2706 1103 2804 diligens
1134 2716 1169 2779 31
1192 2701 1421 2775 dilectus*

385 2830 453 2905 67.
493 2834 816 2912 Murmuratur
853 2835 983 2910 dictum
1018 2860 1041 2904 3
1072 2831 1294 2906 similitudine
1330 2830 1401 2904 soni

270 3045 296 3096 in
315 3041 436 3096 Mediceo
455 3042 511 3096 cod.
556 3042 649 3096 Itidem
674 3042 785 3096 33313133
807 3043 834 3094 13
855 3041 929 3096 3333.
949 3048 976 3094 31
994 3042 1053 3096 333.
1078 3041 1210 3094 Ciceronis
1229 3055 1277 3108 pro
1293 3039 1400 3091 Murena

273 3119 299 3166 31
318 3113 351 3164 33
373 3115 447 3166 Orat.
465 3116 491 3167 ll.
511 3115 537 3167 ll.
652 3113 773 3165 adserere
791 3115 883 3182 33333]
902 3131 943 3181 vg.
981 3131 1088 3164 monum
1106 3113 1181 3166 3333.
1206 3110 1251 3180 qui
1268 3111 1401 3164 accusandi

273 3199 360 3236 casum
378 3186 457 3237 etiam
475 3187 500 3236 13
519 3187 684 3251 sequentibus
702 3185 804 3238 habent.
830 3201 833 3206 ·
851 3185 943 3252 Neque
961 3190 1047 3237 133333
1065 3185 1136 3238 libris
1154 3187 1180 3237 in
1199 3199 1230 3236 ea
1249 3199 1277 3234 33
1296 3182 1399 3235 3333331

272 3260 374 3324 potest,
407 3271 465 3308 cum
489 3256 627 3309 Terentius
651 3259 737 3311 multis
763 3257 827 3310 13313
853 3257 907 3310 1333·
926 3257 1050 3309 formula:
1079 3273 1159 3307 manu
1186 3254 1277 3322 (etiam
1301 3251 1400 3304 liberati

257 3325 368 3392 ¹manu)
396 3325 512 3398 aliquem
533 3343 666 3384 asserere,
695 3335 791 3383 utatur.
833 3329 866 3382 V.
884 3329 994 3381 maxime
1018 3325 1128 3396 Adelph.
1153 3327 1193 3392 11,
1218 3330 1252 3390 1,
1276 3329 1322 3378 39.
1345 3339 1400 3377 tum

272 3397 382 3452 Donato.
531 3407 572 3449 est
591 3397 699 3465 cerbi†]
719 3401 794 3452 codd.
822 3402 872 3452 nisi
888 3401 957 3467 3333
976 3397 1048 3450 verbi
1072 3415 1122 3450 om.
1142 3401 1176 3450 G.
1212 3414 1240 3448 es
1259 3394 1321 3447 urbi
1338 3396 1399 3448 3331.

273 3470 398 3535 Scaliger.
435 3468 490 3520 Sed
508 3469 579 3522 13333
596 3470 729 3523 obscurior
746 3478 786 3522 est
804 3487 879 3536 quam
898 3473 942 3537 qui
959 3477 1055 3522 certam
1073 3469 1191 3522 admittat
1208 3470 1398 3521 correctionem.

272 3541 379 3611 Desunt
397 3539 539 3610 quaedam]
559 3541 604 3592 Bis
622 3547 737 3592 notatum
754 3541 787 3592 ab
806 3543 959 3607 editoribus,
978 3557 1036 3593 nam
1053 3543 1080 3593 in
1094 3541 1169 3594 codd.
1187 3540 1265 3592 verba
1282 3544 1397 3606 1333333

272 3611 373 3678 integra
391 3613 582 3676 continuantur,
601 3612 651 3664 3131
666 3614 735 3678 3333
750 3611 813 3665 cod.
825 3614 857 3666 B.
869 3616 951 3666 altero
966 3614 1024 3665 loco
1038 3612 1082 3662 laic
1096 3611 1168 3664 deest
1181 3612 1304 3678 scriptum
1320 3611 1397 3662 babet.
1420 3633 1421 3638 =

171 3716 178 3720 -
273 3681 332 3734 Non
349 3684 429 3734 multa
445 3689 530 3736 temen
549 3684 716 3748 excidemnt‚
742 3699 800 3735 nam
818 3685 844 3736 in
862 3685 971 3737 formula
989 3685 1032 3737 iila
1051 3683 1168 3751 augurali
1186 3682 1219 3735 de
1236 3695 1316 3734 manu
1333 3696 1398 3733 asse-

272 3753 351 3805 rendo
374 3754 470 3820 aliquid
495 3755 592 3808 dictum
617 3771 687 3821 esse,
713 3762 814 3808 3333313
836 3756 881 3807 1113
898 3755 1102 3821 verba'doceot,
1126 3760 1204 3822 31333
1222 3753 1300 3806 etium
1324 3755 1349 3818 ἓ.
1359 3756 1397 3805 115.

273 3824 412 3892 disputatio
430 3824 463 3877 de
480 3828 556 3879 rebus
573 3843 590 3879 3
607 3827 716 3880 3333333
733 3826 809 3878 313113
826 3827 994 3880 33311333133.

329 3968 331 3983 =
385 3927 438 3993 65·
459 3943 540 4011 ”ipsi
558 3955 703 4000 consortes,
729 3943 766 3996 ad
783 3961 848 4016 quos
866 3941 956 3993 eadem
970 3935 988 3968 *'
999 3943 1068 4009 sors]
1087 3943 1217 3999 Vestrauii
1231 3940 1311 3994 lectio
1330 3937 1397 3992 33133

273 4009 357 4066 dubis.
394 4013 495 4088 adqui
514 4014 610 4086 (31333
628 4016 667 4084 b.)
688 4016 741 4084 ipsi
757 4023 890 4068 consortes
908 4033 966 4066 sors
989 4015 1063 4068 codd.
1229 4007 1395 4081 impendium]
1420 4005 1421 4016 ¹

272 4083 407 4150 glossema,
423 4088 501 4139 333113
525 4093 614 4139 333331
636 4086 786 4141 Turnebus:
813 4101 863 4140 non
888 4093 976 4151 recte,
1005 4103 1063 4140 3333
1087 4085 1148 4140 1333
1173 4091 1257 4138 sortes
1280 4083 1362 4136 313133
1383 4094 1396 4128 e

268 4160 358 4208 mente
374 4158 512 4223 Varronis,
537 4159 607 4226 quod
625 4159 781 4228 impendium
799 4157 927 4228 impendio
946 4157 1049 4211 333331.
1087 4158 1128 4212 Gt.
1148 4152 1181 4223 V,
1201 4159 1262 4210 183.

375 4265 436 4331 Ὶ611.
459 4279 571 4348 derum]
590 4295 640 4334 om.
653 4297 676 4334 3.
695 4282 820 4351 probante
838 4285 979 4354 Spengelio
998 4281 1092 4352 pilii.
1159 4325 1165 4336 .
1221 4280 1265 4350 33]
1283 4299 1324 4348 vg.
1349 4295 1395 4331 on.

274 4350 349 4404 codd.
463 4349 556 4420 legali]
575 4352 706 4420 31311313
724 4355 815 4418 11913.
1245 4389 1247 4392 ·
