2890 4820
499 236 754 298 nnrronrs.
1080 229 1195 326 xxxtx
1268 251 1271 262 r

69 392 135 458 mihi
159 393 267 480 legem
293 393 366 473 tuli,
398 395 543 462 Graecas
569 395 675 462 literas
704 417 768 460 non
792 389 865 462 esse
889 396 1106 486 usurpandas,
1138 403 1195 468 ubi

69 478 95 541 in
119 477 198 545 nullo
228 481 313 546 bono
343 477 458 546 codice
486 482 654 566 vestigium
678 479 872 567 peregrinae
896 481 1078 550 literaturae
1100 508 1192 575 repe-

69 563 164 629 riatur.
208 566 312 632 Varro
334 565 435 644 enim,
455 564 487 630 in
509 588 548 632 ea
569 588 606 632 re
626 564 718 653 plane
737 588 757 631 a
774 565 997 636 Romanorum
1014 571 1193 658 antiquiore

69 671 120 714 usu
146 649 346 731 desciscens,
381 652 583 718 Graecorum
614 650 830 719 nominatuum
857 653 978 721 formas
1006 679 1105 745 saepe
1133 659 1191 724 im-

68 744 192 802 mutatas
226 737 258 800 in
292 735 444 804 Latinum
475 759 655 804 sermonem
689 738 854 806 transtulit
921 740 1021 807 Certe
1052 741 1085 808 in
1118 765 1191 810 meo

67 821 228 910 exemplari
256 845 296 888 ex
323 821 472 889 codicum
500 823 641 912 vestigiis
669 836 759 890 eruta
781 823 889 911 leges,
921 837 958 893 ut
977 827 1110 892 Citieus
1132 851 1190 917 pro

67 904 221 970 Citiensis
244 908 282 989 V,
299 910 368 987 59„
400 909 446 973 sic
468 910 562 976 etiarn
586 909 790 974 Palantieis
813 921 846 977 et
866 909 1060 974 Athenaeis
1081 911 1121 993 V,
1139 914 1190 980 53.

67 987 150 1070 VllI,
172 990 243 1072 35.,
275 1006 308 1058 et
335 994 475 1061 similiter
498 993 716 1059 Samothrece
743 993 821 1067 Vll,
843 993 895 1058 34.
923 1007 960 1062 ut
994 995 1126 1062 Thraca
1151 1000 1190 1078 V,

66 1073 126 1153 lt,
155 1077 250 1142 Lato
278 1079 356 1156 Vll,
380 1082 451 1160 ln,
486 1091 521 1143 et
545 1079 696 1165 mologos
723 1077 785 1156 Vl,
806 1078 878 1158 39.,
912 1079 945 1142 P
970 1079 1090 1145 thonos
1118 1083 1190 1164 Vll,

65 1159 123 1239 lt,
149 1160 287 1238 Diona,
317 1165 472 1241 Theona,
498 1102 585 1227 [dna
604 1161 730 1250 (annot.
743 1161 786 1228 ad
801 1163 872 1241 Vll,
888 1103 974 1249 lul,
995 1166 1190 1254 analogian

65 1243 121 1323 lX,
140 1246 192 1311 34.
222 1258 254 1313 et
282 1250 483 1336 saepissime,
521 1246 755 1334 Olympiadas
784 1248 955 1329 vt1‚20.;
993 1264 1026 1314 et
1054 1250 1191 1320 sortasse

64 1330 150 1395 etiam
170 1332 381 1420 Pythagora
402 1335 479 1410 Vll,
500 1334 548 1398 17.
570 1332 692 1398 Latinis
720 1333 816 1400 literis
842 1331 1082 1420 exprimendum
1111 1351 1190 1405 erat.

63 1417 178 1483 Contra
200 1419 335 1485 Graecis
363 1418 460 1486 literis
488 1415 542 1483 ubi
572 1418 725 1485 utendum
753 1420 810 1500 sit,
841 1429 998 1485 monstrat
1024 1429 1093 1486 tum
1121 1421 1191 1510 ipsa

63 1502 256 1570 Graecarum
288 1505 449 1570 literarum
482 1503 633 1585 imitatio,
682 1527 753 1593 qua·
777 1501 811 1571 in'
842 1505 1003 1593 plerisque
1034 1505 1074 1571 F.
1106 1527 1189 1574 unus

60 1588 194 1654 omnium
214 1588 347 1677 insignis
368 1602 435 1671 est,
456 1606 635 1677 quanquam
655 1589 710 1656 bic
728 1610 857 1680 qnoque
878 1611 941 1656 non
963 1612 1038 1658 raro
1056 1591 1188 1660 Latinas

58 1685 188 1761 usurpat
221 1677 276 1741 ubi
308 1677 442 1744 Graecis
474 1697 554 1762 opus
589 1688 678 1758 erat3
719 1687 788 1743 tum
819 1676 994 1766 primarum
1024 1675 1188 1745 literarum

56 1759 201 1825 vocabuli
231 1760 401 1842 indicatio,
443 1783 525 1863 quae
556 1760 587 1826 in
622 1763 664 1827 H.
697 1773 730 1829 et
761 1785 789 1828 a.
822 1784 885 1827 non
916 1785 991 1839 raro
1015 1761 1189 1842 invenitur,

55 1867 236 1932 quanquam
263 1847 312 1912 ille
338 1848 433 1915 etiam
459 1858 585 1934 integra
607 1847 762 1915 vocabula
786 1848 915 1915 Graeco
940 1871 1003 1915 non
1025 1870 1098 1914 raro
1121 1872 1188 1916 ser-

55 1931 152 2011 ravit;
190 1942 258 1997 tum
288 1932 431 1998 vocabuli
483 1933 715 2010 raetermissio,
747 1956 812 2020 qua
836 1935 919 1999 Gbc.
942 1944 975 2000 ot
1003 1931 1188 2023 plerumque

58 2019 147 2082 etiam
175 2039 205 2082 a.
235 2018 432 2092 Graecarum
460 1957 622 2084 literarum
649 2016 805 2086 inscitiam
836 2021 1034 2107 profitentur.
1089 2019 1186 2087 Nunc

58 2101 167 2168 horum
192 2101 377 2170 indiciorum
403 2103 457 2169 ubi
481 2103 596 2170 nullum
621 2104 751 2185 aderat,
781 2125 820 2168 eo
847 2127 974 2193 semper
996 2103 1117 2172 animus
1139 2108 1186 2170 in·

60 2187 207 2267 olinabat,
236 2201 271 2256 nt
289 2189 438 2269 Latinas,
462 2190 596 2276 quaein
617 2191 762 2256 omnibus
783 2187 870 2256 libris
892 2202 999 2269 erant,
1021 2188 1184 2257 literarum

62 2274 171 2340 formas
194 2296 371 2341 servarem:
401 2272 459 2340 sed
482 2277 659 2343 constantia
685 2277 717 2342 in
738 2297 779 2340 ea
799 2297 835 2340 re
856 2277 1000 2342 vertisset
1020 2275 1051 2338 in
1074 2299 1184 2343 recor-

61 2358 155 2440 diam,
186 2361 214 2426 si
241 2361 337 2427 etiam
368 2361 509 2424 aomina
539 2359 744 2440 barbarica,
778 2383 862 2447 quae
890 2362 936 2430 sic
966 2361 1085 2510 scripta
1113 2375 1186 2428 sunt

60 2445 86 2507 in
106 2446 251 2512 omnibus
274 2445 456 2523 codicibus,
485 2466 547 2545 npn
575 2439 710 2532 νόμιμα
739 2441 952 2532 βαρβαρικά,
982 2445 1027 2510 Vl
1052 2495 1061 2522 ,
1082 2450 1133 2519 70.
1155 2448 1186 2510 in

59 2531 343 2699 pplqmlpxemplar
370 2529 607 2597 transtulissem.
653 2531 704 2596 cf,
727 2552 797 2594 ann.
821 2529 863 2598 ad
887 2531 923 2611 V,
948 2531 1019 2596 122.
1051 2531 1186 2613 V1,33.

161 2785 262 2862 Quod
289 2784 444 2888 reliquum
471 2797 536 2864 est,
568 2799 603 2854 ut
629 2782 791 2874 quomodo
816 2785 877 2850 mei
900 2788 1118 2866 commentarii
1139 2789 1186 2852 in-

61 2871 216 2962 telligendi
237 2883 269 2939 et
290 2869 475 2938 aestrmandi
496 2873 574 2955 sint,
605 2872 741 2939 breviter
762 2869 917 2936 indicem:
944 2870 1079 2946 lectores
1101 2895 1185 2957 rogo

61 2971 91 3025 ut
109 2958 324 3030 meminerint,
345 2956 447 3023 meld
469 2959 562 3024 unice
581 2980 696 3023 curare
714 2956 867 3037 voluisse,
888 2967 925 3022 ut
943 2959 1046 3023 Varro
1067 2959 1184 3024 rectius

61 3043 218 3114 distinctus
250 3043 516 3131 (quodomnium
541 3045 676 3127 manime
698 3041 882 3128 neglectum
905 3041 992 3126 erat)
1023 3053 1056 3108 et
1078 3065 1185 3107 emen-

62 3127 145 3198 datus
173 3133 310 3197 sormam
339 3130 385 3195 sui
416 3130 594 3196 similiorem
623 3127 789 3205 indueret,
818 3149 922 3214 caque
945 3127 1049 3193 forma
1070 3129 1184 3216 quibus

61 3215 87 3279 in
112 3220 207 3286 rebus
235 3216 277 3282 ab
306 3216 498 3283 auctoritate
526 3217 683 3279 bonorum
709 3212 861 3278 librorum
889 3211 1104 3303 discreparet,
1138 3216 1184 3278 in-

61 3300 114 3367 telli
140 3305 149 3370 i
177 3312 296 3392 posset.
346 3302 462 3389 ltaque
488 3298 521 3364 id
552 3299 626 3364 mihi
655 3299 790 3364 maxime
819 3299 996 3367 cavendum
1025 3312 1110 3376 erat,
1143 3322 1184 3363 ne

62 3326 138 3474 quid
155 3391 214 3457 nisi
243 3389 361 3456 monito
386 3387 508 3454 lectore
528 3386 559 3450 in
582 3384 725 3452 ordinem
747 3384 941 3474 reciperem,
971 3382 1058 3473 quod
1083 3385 1184 3450 bono-

62 3494 124 3540 rum
144 3476 293 3542 codicum
314 3473 518 3540 fundamento
539 3483 601 3537 non
623 3472 784 3540 niteretur.
827 3473 865 3537 In
885 3472 1056 3537 minoribus
1075 3481 1182 3536 autem

62 3561 165 3643 rebus,
186 3573 224 3630 ut
241 3564 273 3627 iu
292 3559 547 3648 orthographicis
566 3558 759 3638 rationibus,
784 3579 866 3623 unus
885 3555 1032 3623 endensi
1053 3555 1184 3622 meliora

62 3647 237 3729 obtulisset,
270 3646 346 3712 inde
367 3647 530 3712 sumebam
552 3644 665 3734 quibus¹
693 3667 773 3732 opus
800 3653 885 3723 erat3
918 3641 1182 3729 ingratioribus,

62 3742 93 3797 nt
110 3733 242 3821 plurium
263 3755 422 3798 consensu
443 3730 614 3798 stabilitum
636 3742 738 3810 esset,
769 3727 856 3816 quod
878 3749 1048 3815 ponerem,
1072 3739 1183 3815 postu-

62 3815 165 3887 labam.
216 3821 289 3894 Quo
311 3819 510 3884 firmamento
539 3818 593 3884 ubi
615 3815 799 3882 destitutum
821 3835 873 3878 me
894 3814 1050 3892 videram,
1080 3813 1122 3878 de
1143 3837 1183 3879 ea

62 3924 94 3966 ro
112 3903 234 3973 disertis
256 3905 358 3972 verbis
378 3903 494 3970 monui.
538 3903 644 3977 Quam
664 3912 769 3967 autem
789 3899 978 3988 scripturam
997 3899 1065 3966 libri
1084 3901 1182 3965 inter,

64 3988 153 4072 polati
177 3993 242 4057 sive
269 3991 378 4077 scripti
399 3990 465 4056 sive
487 3988 570 4078 typis
596 3987 753 4137 expressi,
784 3996 817 4051 et
840 3985 957 4065 critici,
987 3986 1040 4072 qui
1064 3985 1182 4053 Varro-

65 4095 128 4140 nem
156 4086 388 4154 tractaveruut‚
417 4074 581 4141 finxissent
601 4095 639 4136 ve
675 4073 880 4160 probassent:
910 4071 943 4138 id
970 4093 1023 4135 me
1050 4083 1182 4139 annota-

64 4170 160 4226 turum
193 4184 256 4227 non
287 4160 435 4250 promisi,
481 4160 539 4226 nisi
571 4158 628 4225 ubi
661 4159 692 4223 in
724 4156 911 4244 refingenda
945 4156 1101 4244 scriptura
1133 4157 1181 4222 hls

65 4246 200 4314 subsidiis
231 4245 383 4314 utendum
415 4257 509 4312 esset.
563 4243 638 4309 Non
669 4242 751 4310 enim
778 4243 813 4309 id
841 4243 914 4309 mibi
943 4242 1111 4330 proposui,
1148 4251 1182 4307 ut

67 4328 214 4399 historiam
241 4331 363 4400 formae
391 4329 505 4399 horum
527 4330 679 4398 librorum
700 4329 732 4396 in
755 4328 935 4398 annotando
958 4327 1181 4422 describerem,
