2866 4812
276 303 358 378 180
660 313 785 371 arian
821 277 1024 371 ocravu‘s.

845 411 850 436 t

276 517 381 590 quom
407 497 503 562 recto
525 511 609 560 casu
630 485 740 578 fiunt,
769 483 967 577 dissimilia,
993 507 1073 556 enm
1099 479 1224 574 dandi,
1252 481 1408 556 eadem‘:

276 592 472 684 dissimilia,
497 599 538 662 ut
559 614 670 661 mares
686 587 943 679 Terentiei,
978 585 1125 658 feminae
1146 585 1407 680 Terentiae,

216 693 398 768 113eadem
434 696 473 765 in
511 691 639 781 dandi,
679 691 763 760 viris
793 689 1097 780 ¹'l'erentleis,
1141 697 1175 758 et
1208 687 1409 760 mulieribus

274 795 554 873 Terentieis.
616 789 797 864 Dissimile
822 791 1013 863 Plautus
1037 803 1073 861 et
1097 789 1344 883 Plautius,
1379 802 1409 862 et

272 921 455 972 commune
478 895 585 968 Luci*
612 893 772 968 Plauti
805 903 839 965 et
865 891 981 968 Marci
1004 888 1178 963 Plauti.

209 1035 262 1110 {9
376 1027 445 1104 57.
480 1032 644 1129 Denique
669 1031 699 1102 si
727 1039 780 1103 est
799 1028 977 1128 analogia,
1005 1013 1100 1126 quod
1125 1027 1161 1098 in
1188 1027 1308 1100 multis
1335 1054 1405 1100 ver·

109 1149 115 1158 “
270 1134 325 1207 bis
347 1145 400 1206 est
422 1133 618 1206 similitudo
633 1131 841 1206 verborum:
870 1131 1039 1228 sequitur,
1068 1127 1162 1226 quod
1177 1129 1224 1218 in
1249 1128 1405 1227 pluribus

210 1283 260 1324 420
269 1248 322 1309 est
348 1234 609 1330 dissimilitudo,
649 1245 689 1306 ut
713 1261 785 1306 non
809 1235 854 1306 sit
881 1233 917 1304 in
934 1257 1100 1325 ,sermone
1123 1231 1302 1328 sequenda
1328 1259 1403 1305 ana-

206 1338 375 1438 ffilogia.
517 1335 586 1410 58.
631 1336 837 1425 Postremo,
875 1335 906 1406 si
931 1343 983 1405 est
1009 1335 1045 1403 in
1072 1333 1247 1427 oratione,
1284 1344 1349 1406 aut
1372 1339 1402 1406 in

269 1438 431 1512 omnibns
452 1441 526 1512 eius
551 1436 707 1537 partibus
732 1449 784 1511 est
806 1447 866 1508 aut
888 1437 926 1507 in
951 1434 1102 1532 aliqua*;
1124 1443 1165 1506 'et
1185 1435 1222 1505 in
1244 1435 1401 1507 omnihus

205 1606 208 1615 .
266 1568 338 1613 non
375 1551 449 1634 est,
492 1542 529 1612 in
565 1540 681 1639 aliqua
715 1566 792 1613 esse
829 1562 952 1636 parum
985 1549 1057 1630 est,
1104 1549 1142 1608 ut
1177 1534 1298 1608 album
1334 1564 1400 1611 csse

181 1713 185 1722 ,
264 1641 478 1740 Aethiopum
506 1645 685 1714 nonsatis
711 1637 881 1740 estquod
905 1637 1034 1742 lrabeat
1059 1636 1225 1711 candidos
1256 1638 1395 1713 dentes:

265 1769 336 1816 non
358 1753 412 1816 est
431 1768 515 1842 ergo
541 1743 712 1842 analogia.

203 1874 253 1949 21
366 1869 437 1945 59.
481 1871 599 1964 Quom
625 1870 669 1943 ab
703 1867 872 1942 similibus
897 1867 1013 1942 verbis
1046 1895 1135 1967 quae
1168 1867 1393 1962 declinantur,

192 1993 256 2063 (aa)
266 1973 391 2047 similia
424 1974 500 2048 fore
527 1973 756 2071 polliceantur
780 1971 842 2068 qui
873 1970 1063 2069 analogias·
1079 1997 1154 2044 esse
1185 1971 1331 2065 dicunt,
1366 1985 1394 2044 ct
1425 1971 1427 2050 l

264 2101 345 2147 cum
371 2077 482 2148 simile
506 2086 581 2148 tum
608 2075 756 2171 denique
783 2072 903 2147 dicant
924 2098 998 2146 esse
1023 2071 1131 2145 verbo
1154 2071 1322 2168 verbum,
1359 2100 1392 2146 er
1425 2079 1427 2170 ᾗ

203 2175 387 2256 421eodem
410 2180 440 2249 si
462 2203 611 2276 genere,
643 2176 763 2249 eadem
778 2173 921 2274 ligura,
955 2175 1137 2247 transitum
1164 2173 1208 2248 de
1234 2201 1342 2248 cassu
1363 2177 1390 2248 in
1425 2189 1426 2246 l

202 2271 400 2352 *camum
437 2280 621 2374 similiter,
664 2277 803 2352 ostendi
841 2278 976 2374 possit:
1019 2278 1081 2374 qui
1122 2275 1210 2349 haec
1251 2269 1387 2368 dicunt,

261 2392 449 2479 utrumque
481 2384 664 2482 ignorant,
702 2391 737 2453 et
770 2381 806 2450 in
840 2404 911 2476 quc
946 2377 1025 2451 loco
1057 2377 1245 2451 similitudo
1276 2379 1388 2452 debeat

260 2509 359 2577 esse,
387 2495 422 2556 et
442 2482 733 2581 quemadmodum
753 2483 903 2578 spectari
924 2481 1051 2572 soleat,
1076 2480 1186 2553 simile
1206 2483 1253 2555 sit
1272 2507 1385 2556 necne

260 2583 363 2675 Quae
389 2609 469 2656 cum
494 2586 676 2684 ignorant,
705 2584 867 2680 sequitur'
881 2593 920 2654 ut
943 2608 1048 2681 quom
1068 2583 1262 2682 analogiam
1284 2584 1388 2656 'dicen

260 2786 350 2857 quom]
366 2787 401 2840 G.
437 2804 498 2839 eum
515 2793 577 2841 cett
692 2803 752 2836 cum
770 2783 864 2854 danda]
880 2785 921 2839 ed.
939 2787 1020 2855 princ.
1057 2801 1117 2838 rum
1131 2786 1199 2839 dunt
1216 2787 1297 2844 codd.
1331 2804 1390 2838 caru

259 2863 320 2926 post
337 2856 400 2912 lav.
419 2874 462 2925 vg.
480 2858 591 2924 additur,
609 2859 663 2912 tiae
677 2857 840 2910 necessitate.
954 2853 1070 2924 eaden]
1088 2861 1156 2914 coni.
1174 2859 1272 2912 addere
1290 2874 1389 2912 neeesse

259 2927 346 2982 lebni.
382 2927 443 2983 Non
461 2931 529 2985 enim
547 2931 643 2984 sufficit
660 2928 694 2982 ad
711 2943 816 2982 sensum
838 2929 890 2981 loci
914 2927 1022 2983 similia.
1173 2929 1327 2998 dissimilia]
1345 2931 1384 2982 Ga

155 3055 159 3062 ,
258 2999 359 3050 similia
377 3007 439 3054 cett.
481 3001 548 3055 Illud
567 3002 654 3071 recepi
673 3006 699 3053 et
718 3017 777 3054 cum
796 3000 964 3068 sequentibus
982 3001 1118 3053 coniunxit
1145 3015 1197 3068 qna
1214 3018 1243 3055 re
1260 3001 1382 3055 sententia

261 3087 329 3136 quae
347 3079 423 3126 antea
441 3075 530 3128 nescio
547 3091 599 3143 quo
616 3073 695 3127 modo
714 3072 824 3139 intelligi
849 3073 977 3142 potuerit,
1001 3073 1052 3125 iarn
1069 3073 1190 3126 restituta
1207 3087 1265 3127 esse
1285 3075 1383 3128 videtur

250 3143 405 3210 'Terentiae
422 3145 496 3198 FGa.
535 3145 652 3198 Terentii
668 3145 703 3198 H.
739 3145 780 3197 De
798 3143 845 3196 hac
863 3145 967 3210 antiqua
984 3146 1111 3213 scriptura
1126 3143 1225 3198 dictum
1241 3145 1268 3199 in
1286 3145 1382 3209 Praetu·

258 3213 337 3265 tione.
458 3215 580 3286 feminae
601 3215 751 3283 Termine]
767 3215 810 3283 v'g.
840 3213 948 3285 semina
966 3213 1135 3286 (foeminina
1152 3217 1201 3284 G.)
1219 3225 1262 3269 est
1280 3215 1381 3268 terentia

259 3284 335 3337 codd.
506 3287 661 3356 Terentieis]
681 3287 739 3342 FG.
784 3285 907 3340 terentiis
924 3293 985 3340 cett.
1030 3288 1075 3341 sic
1093 3285 1170 3343 elium
1188 3288 1310 3342 inferiore
1327 3291 1378 3341 loco

256 3355 352 3420 Luci‘]
367 3355 433 3408 coni.
468 3365 502 3406 ut
516 3357 597 3410 liuius
614 3359 689 3411 codd.
708 3357 776 3412 unde
788 3359 986 3426 interpolatores
1003 3359 1081 3415 etiam
1094 3365 1185 3428 postea
1199 3360 1283 3421 liuius
1297 3355 1379 3412 Plani¹

257 3432 407 3494 posuerunt
443 3425 509 3482 Mihi
521 3429 553 3484 1..
565 3429 684 3482 Plautius
696 3429 797 3496 rhetor,
815 3427 848 3482 de
863 3445 915 3496 quo
928 3446 952 3482 v.
967 3429 1098 3484 Weichert
1115 3432 1191 3485 Post.
1206 3433 1267 3485 Lat.
1287 3450 1313 3501 p.
1321 3434 1376 3484 ala.

257 3513 317 3551 cum
336 3498 374 3551 M.
397 3498 492 3552 Plauto
509 3502 588 3568 poeta
605 3503 724 3570 componi
742 3501 885 3555 videbatur.
926 3499 1019 3569 Neque
1036 3508 1122 3555 tamen
1139 3518 1272 3572 repugno,
1295 3501 1375 3570 siqui

247 3570 335 3622 ‘etiam
358 3567 426 3623 hunc
450 3571 536 3625 locum
560 3572 593 3626 ad
611 3573 742 3625 Plautium
758 3574 876 3640 poetam,
900 3574 974 3625 cuius
999 3572 1101 3626 fabulae
1117 3574 1244 3627 Plautinis
1261 3575 1374 3628 immixta

256 3655 317 3693 esse
334 3641 420 3694 Varro
433 3659 475 3710 ap.
494 3644 564 3696 Geli.
581 3643 637 3710 ΠΙ,
654 3647 689 3708 8,
707 3649 750 3698 10.
769 3643 861 3710 docet,
885 3646 1015 3713 pertinere
1032 3645 1180 3699 arbitretur.
1216 3646 1256 3700 Cf.
1276 3647 1310 3699 de
1327 3646 1372 3698 sin

256 3711 417 3838 ρΙίξιδΙὶῒετα.
427 3713 439 3765 l
451 3713 611 3783 disputantes
629 3716 754 3785 Spengel.
772 3733 798 3784 p.
808 3720 850 3768 10.
877 3715 1049 3771 Suerdsioeus
1060 3718 1136 3772 vind.
1148 3733 1233 3786 praec.
1245 3713 1369 3772 Bentlciai

367 3853 419 3924 37.
451 3881 493 3925 at
509 3873 669 3942 simiriaco]
685 3891 729 3942 vg.
765 3872 959 3927 attaminata
977 3875 1053 3930 acac.

366 3971 420 4040 38.
439 3987 469 4041 in
486 3989 606 4062 aliqud]
623 3991 674 4048 His
690 3991 775 4046 verbis
789 3990 918 4044 adduntur
934 3991 960 4045 in
975 3993 1049 4047 codd.
1064 3987 1108 4046 nv.
1125 4010 1182 4046 aare
1195 4009 1302 4063 parum,
1320 4001 1366 4043 uae

255 4061 326 4112 rece
342 4063 498 4134 omitmnnn
514 4063 540 4138 ip
559 4079 602 4132 vg.
733 4059 844 4128 aspar]
861 4057 938 4118 cna.
974 4049 1056 4148 tacet
1074 4064 1106 4119 n.

365 4155 418 4223 39.
438 4175 523 4229 samaa
539 4177 609 4245 rum]
627 4193 670 4244 vg.
706 4176 789 4232 samia
804 4177 905 4231 zaram
923 4177 1020 4248 (taum
1037 4180 1087 4250 n.)
1106 4170 1181 4235 oica.
1293 4177 1365 4227 uait

253 4241 323 4308 aare]
340 4243 503 4310 Spengelius.
539 4247 660 4312 dicacur
677 4267 705 4301 se
722 4249 798 4304 codd.
929 4251 964 4320 ει]
983 4251 1153 4322 Spengelius.¹
1183 4249 1221 4303 sit
1238 4242 1362 4304 caldred

253 4312 287 4366 dc
304 4330 329 4367 a.
347 4329 400 4366 non
418 4323 525 4373 conant.
653 4321 968 4391 casquetcassam1F.
1006 4341 1071 4375 casu
1090 4329 1117 4377 et
1134 4341 1227 4376 casum
1244 4327 1303 4376 cett.
1325 4314 1361 4366 Cf·

253 4399 332 4452 supra
348 4383 427 4452 vin,
445 4391 488 4443 11.
503 4401 506 4412 ·
524 4389 637 4460 Propter
658 4393 781 4451 omissum
804 4409 861 4447 esre
883 4392 917 4449 rt.
942 4394 1020 4450 etima
1044 4395 1099 4462 lx,
1122 4399 1166 4450 to.
1193 4393 1265 4466 quod
1287 4391 1360 4444 diunt
1382 4409 1385 4420 ·
