2890 4820
372 257 377 272 =
453 229 730 330 seo-os
1088 231 1141 308 aa

43 414 154 486 Tellus
178 414 269 486 enirn
294 412 387 512 quod
412 416 520 512 prima
545 415 659 488 vincta
682 413 808 507 Caelo,
842 417 995 489 Victoria
1019 443 1062 490 ex
1085 413 1162 491 eu.¹

42 516 116 588 Ideo
139 515 225 587 haec
251 539 329 586 cum
355 541 481 588 corona
500 528 534 590 et
559 515 689 614 palma,
727 515 818 614 qued
843 542 969 590 corona
990 517 1142 590 vinclum

43 617 174 714 capitis,
212 626 245 690 et
269 617 344 714 ipsa
367 618 558 691 evinctura
584 617 708 690 dicitur
732 619 843 690 vieri
869 618 905 692 id
929 629 983 692 est
1004 619 1140 714 vinciri,

42 743 144 815 aquo
167 728 218 789 est
237 718 274 788 iu
298 716 381 790 Sota
403 718 529 790 Ennii:

141 819 252 892 Ibant
278 821 412 892 malaci
440 825 537 894 viere
571 822 771 894 Veneriam
798 825 991 914 corollam3

42 936 192 1034 palma,
232 935 325 1034 quod
355 964 398 1012 ex
429 951 572 1042 unaque
605 949 701 1034 parte
739 948 860 1008 natura
889 940 1003 1012 vincta
1038 937 1181 1014 habetes

42 1040 126 1132 paria
155 1037 251 1109 folia.
435 1038 502 1112 65.
541 1041 669 1111 Poetae
702 1035 744 1108 de
776 1035 870 1108 caelo
902 1039 996 1136 quod
1026 1033 1185 1114 semen-

41 1141 167 1234 igneum
203 1139 366 1210 cecidisse
405 1135 524 1212 dicunt
554 1141 591 1210 in
620 1163 713 1209 mare
726 1217 729 1223 ¹
744 1161 785 1208 ac
817 1149 930 1208 natam
961 1166 981 1212 e
1013 1145 1142 1238 spumis

41 1239 219 1332 Venerem,
247 1239 441 1311 coniunctio
464 1241 553 1338 ignis
576 1250 609 1311 et
633 1238 786 1309 humoris
808 1263 910 1334 quam
933 1236 1037 1312 habet
1057 1244 1140 1333 vim,

41 1340 225 1436 significant
253 1365 326 1412 esse
350 1340 510 1414 Veneris.
569 1335 607 1412 Α
632 1364 700 1437 qua
722 1339 756 1411 vi
781 1341 869 1412 natis
901 1338 993 1412 dicta
1025 1343 1140 1434 vita,

42 1451 70 1510 et
91 1440 222 1516 illud‘a
246 1439 403 1512 Lucilio:

144 1545 215 1616 Vis
241 1545 409 1632 esteten,
435 1543 552 1629 vides,
576 1543 630 1615 cis
653 1567 719 1613 nos
734 1543 871 1634 facere
893 1543 1015 1642 omnio
1039 1545 1144 1637 cogit.

42 1655 99 1730 tt.
125 1661 245 1752 Quare
271 1661 364 1758 quod
389 1661 520 1733 caelum
539 1663 764 1758 principium,
792 1658 836 1731 ab
862 1670 939 1730 satu
958 1670 1011 1732 est
1033 1658 1142 1733 dietus

43 1759 277 1853 Saturnus,
303 1774 337 1833 et
359 1759 454 1858 quod
476 1764 586 1859 iguis,
616 1760 859 1834 Saturnalibus
881 1761 971 1833 cerei
991 1763 1142 1858 seqrerio·

43 1860 127 1932 ribus
161 1864 352 1936 mittuntur.
418 1863 527 1934 Terra
559 1862 670 1960 Ops,
710 1862 802 1959 quod
834 1861 892 1932 bic
917 1887 1016 1934 omne
1040 1888 1139 1958 opus,

44 1973 70 2032 et
88 1963 155 2034 hac
186 1987 271 2059 opus
295 1961 340 2034 ad
363 1962 571 2057 vivendum3
614 1975 647 2035 et
670 1963 747 2037 ideo
773 1963 898 2036 dieitur
921 1961 996 2060 Ops
1020 1975 1182 2058 maican-r

43 2063 122 2158 quod
146 2074 237 2136 terra
261 2075 380 2136 mater.
434 2064 534 2136 Haec
559 2065 649 2136 enim

141 2187 255 2255 terris
276 2187 417 2278 genleio
439 2188 556 2256 omnis
578 2189 726 2280 peperit
748 2201 784 2257 et
808 2189 958 2257 resumit
980 2190 1118 2275 denuc,

46 2327 125 2393 qrtnc
155 2289 221 2375 clai
250 2303 411 2390 cibaria,
446 2315 485 2376 ut
513 2306 561 2376 ait
591 2303 741 2374 Ennius.
804 2303 902 2393 Quae
934 2305 1026 2402 quod
1057 2309 1143 2406 gerit

44 2401 168 2503 fruges,
206 2401 365 2477 Ceres:
402 2406 550 2504 antiquis
575 2405 664 2476 enim
686 2401 717 2476 C
743 2403 834 2500 quod
860 2429 952 2477 nunc
973 2404 1020 2476 G.

45 2606 120 2662 Venus
133 2609 234 2676 dicitur,
252 2627 301 2664 uon
317 2611 384 2679 quod
400 2607 514 2681 Οὐρανία
531 2611 681 2679 appellatur,
698 2585 744 2662 sed
760 2608 828 2674 qood
842 2609 914 2663 Caeli
931 2609 1072 2664 eririlibas
1089 2617 1145 2664 orta

47 2683 85 2732 est.
194 2682 285 2734 Tellus
304 2683 374 2754 qaod
387 2683 475 2751 prima
492 2683 582 2736 vineta
601 2681 677 2732 Caelo
696 2682 804 2733 Varroni
822 2679 928 2743 dicitur,
945 2683 971 2734 id
989 2683 1020 2734 ab
1039 2684 1145 2735 Hesiodi

46 2751 175 2804 narratione
200 2754 356 2819 aliquantum
380 2754 499 2818 discedit,
524 2753 569 2805 sed
594 2753 703 2821 pertinet
726 2757 810 2818 tamen
833 2751 865 2804 ad
887 2752 992 2805 Titanas
1014 2755 1039 2806 in
1063 2756 1144 2807 sinum

46 2817 143 2873 Telluris
159 2824 285 2890 inclusos,
304 2833 458 2894 quapropter
475 2827 519 2878 iila
535 2819 604 2882 ὲντδς
623 2820 781 2886 στοναχίζετο
794 2825 863 2872 Γαῖα
880 2819 979 2894 πελώρη
995 2829 1147 2894 στεινομέαη,

46 2886 254 2957 Tlreag.v.159·
365 2896 430 2947 cieri
446 2895 476 2945 id
491 2905 532 2946 est
551 2893 654 2960 vincire]
673 2895 738 2946 coni.
762 2895 906 2960 Scioppius.
941 2896 1010 2946 viere
1026 2905 1068 2946 est
1084 2897 1144 2946 vin-

49 2958 90 3010 cire
102 2963 274 3032 (vincenti.)
286 2965 370 3030 codd,
388 2968 431 3033 qui
448 2967 530 3018 locum
544 2981 678 3086 perperam
692 2965 879 3031 interpunctum
894 2963 995 3018 habent.
1065 2966 1143 3032 Sora]

48 3031 110 3083 codd.
127 3033 190 3098 (Ha.
210 3035 260 3088 sic:
285 3034 313 3085 in
331 3038 413 3104 sota.)
448 3038 533 3088 Aeolo
551 3037 607 3088 Al.
643 3034 767 3084 Sotadico
784 3035 908 3099 Scaliger.
943 3035 979 3087 Et
995 3051 1082 3088 verum
1096 3041 1144 3098 est,

49 3097 143 3155 Ennium
161 3105 296 3159 Sotadicos
314 3122 402 3160 versus
419 3108 557 3176 scripsisse.
592 3107 622 3159 V.
643 3106 736 3156 Festus
757 3106 782 3155 iu
801 3103 865 3156 Exc.
885 3121 905 3156 s.
922 3121 946 3158 v.
972 3107 1067 3174 Cyprio
1085 3107 1143 3158 bovi

50 3185 68 3233 p.
80 3176 118 3224 15.
134 3175 250 3227 Lindem.
285 3177 338 3228 Sed
357 3185 411 3230 erat
429 3179 505 3230 etiam
523 3179 588 3229 liber
604 3175 680 3227 Ennii
698 3176 794 3238 Sota,
811 3175 927 3226 larudatus
944 3192 960 3227 a
977 3175 1014 3228 M.
1033 3178 1144 3228 Caesare

48 3237 141 3306 Epistol.
159 3247 192 3296 ad
208 3247 362 3300 Frontonem
380 3249 467 3305 1v‚2.
493 3248 637 3314 (supplem.
655 3247 777 3299 Fronton.
796 3260 811 3295 e
829 3245 894 3297 (iod.
912 3247 1017 3315 Vatia).
1069 3249 1145 3300 Nunc

49 3312 111 3364 etiam
128 3315 204 3369 Festo
222 3333 242 3368 s.
261 3334 283 3370 v.
302 3325 399 3372 tonsam
415 3339 441 3389 p.
452 3323 513 3372 272.
531 3318 661 3382 Lindem.‚
688 3315 732 3367 ubi
758 3315 851 3380 legitur
875 3317 980 3368 Ennius
1002 3317 1030 3367 in
1047 3319 1144 3373 Aeeta,

49 3381 188 3448 reddendum
206 3387 254 3439 erit
280 3388 308 3438 in
325 3393 398 3444 Sota.
561 3386 644 3438 Ibant
661 3385 767 3454 malaci]
786 3385 860 3438 Ennii
877 3387 966 3453 fragm.
984 3387 1025 3443 ed.
1042 3388 1142 3440 Hessel.

50 3465 69 3513 i·
78 3457 129 3506 184.
236 3458 340 3528 palma]
355 3462 419 3513 coni.
435 3459 558 3524 Scaliger.
590 3456 709 3526 palmam
725 3456 799 3510 codd.
834 3459 950 3510 Pendeat
967 3455 1029 3508 baec
1047 3458 1079 3508 ab
1097 3455 1142 3510 asi·
1185 3493 1186 3500 .

51 3525 226 3593 tradentibus,
244 3539 398 3600 quapropter
415 3547 465 3583 non
482 3531 593 3594 τελαίαν,
611 3527 657 3581 sed
672 3529 749 3596 μέσην
766 3529 840 3598 posui
856 3528 1091 3596 interpunctionem.

142 3621 193 3686 63.
221 3637 332 3702 Poetae]
352 3636 481 3688 Hesiodus
497 3636 598 3702 Tbeog.
615 3652 640 3689 v.
659 3639 709 3686 181
729 3652 784 3701 sqq.
902 3633 1060 3700 coniunctio]
1077 3637 1142 3687 coni.

50 3701 177 3771 Scioppius.
213 3706 392 3758 coniunctione
410 3707 483 3758 codd.
596 3705 719 3772 bobet]o.
738 3707 768 3772 (i.
784 3721 806 3758 e.
825 3703 857 3753 bt
874 3719 931 3756 cum
949 3705 1063 3772 lineola.)
1092 3707 1143 3756 ba·
1174 3721 1177 3725 '

51 3765 124 3823 terent
141 3776 174 3830 Η.
210 3775 307 3828 babent
324 3777 355 3830 F.
389 3775 453 3832 bnt,
471 3791 527 3830 cum
545 3777 651 3841 lineola,
670 3777 735 3828 Gab.
846 3772 1001 3844 significant
1018 3794 1073 3828 ease
1092 3779 1142 3828 Ve-

51 3843 118 3908 neris]
134 3849 198 3900 coni.
219 3849 357 3916 Spengel,
385 3863 525 3914 quanquam
544 3849 568 3899 in
587 3846 764 3900 constituendo
781 3850 837 3896 toto
855 3845 912 3899 loeo
929 3862 944 3897 a
962 3862 1022 3898 vero
1041 3849 1143 3916 paulum

51 3911 161 3968 altercans.
196 3918 377 3987 significantes
394 3935 421 3968 se
440 3919 507 3969 veris·
526 3919 635 3984 (severis
652 3917 749 3982 Habe.)
769 3915 842 3967 codd.
884 3917 951 3967 veris
970 3933 1016 3985 pro
1036 3919 1063 3969 V
1060 3917 1143 3968 enoris

50 3981 114 4098 pianr
130 3987 179 4052 vl,
199 3993 240 4041 16.
258 3996 298 4041 est
314 3989 340 4040 in
357 3989 407 4040 Ha.
468 4031 474 4050 .
543 3989 657 4057 Lucilio]
675 3987 768 4041 Lucilii
785 3987 919 4055 Reliquiae
937 3987 977 4041 ed.
995 3987 1038 4040 Fr.
1057 3989 1143 4041 Dousa

61 4062 128 4108 ucert.
145 4062 188 4109 32.

146 4133 196 4212 64.
212 4147 289 4200 terris
305 4146 419 4218 genleio]
436 4145 546 4210 Ennius,
570 4145 722 4214 Epicharmo
733 4151 769 4196 ‚ut
784 4144 891 4198 videtur.
909 4146 941 4198 V.
959 4143 1035 4196 Ennii
1053 4145 1141 4212 fragne.

53 4210 85 4261 td.
100 4214 194 4272 Hessei.
214 4237 237 4285 p.
249 4224 307 4272 its.
344 4220 396 4270 Sed
413 4218 446 4268 ibi
465 4219 537 4268 locus
561 4220 662 4284 ponitur
686 4223 714 4268 ut
732 4233 747 4266 a
764 4217 896 4282 scaligero
915 4232 961 4283 pro
979 4216 1083 4268 arbitrio
1101 4233 1142 4268 rc-

52 4280 114 4336 ictus
130 4293 203 4341 erc·
287 4289 393 4359 Cquod
409 4307 478 4340 nnnc
496 4288 528 4354 G]
547 4290 611 4342 coni.
655 4287 725 4358 qnod
741 4305 813 4338 ncrrtc
830 4285 903 4351 (inde
921 4287 969 4352 H.)
988 4296 1014 4337 et
1034 4287 1106 4340 codd.
