2874 4804
260 231 345 314 502
668 257 987 308 consummamus

261 440 353 508 bcbat,
381 439 451 508 quod
475 441 531 509 ipsa
557 439 684 494 Reatinus
703 443 767 492 erat
813 437 846 490 V.
866 433 987 490 Sidonius
1007 437 1121 504 Apoiiiu.
1138 435 1223 508 Epist.
1242 439 1287 504 IV,
1308 441 1352 492 82.
1375 448 1398 493 ct

262 528 432 597 Symmachus
456 529 540 600 Epist.
559 532 579 584 1.
605 549 630 600 p.
641 533 702 584 298.
721 529 761 582 cd.
783 529 844 582 Par.
864 531 943 580 1884.
985 527 1055 582 Hinc
1079 529 1215 594 singularis
1240 528 1296 582 eius
1315 528 1398 582 Ssbiui

263 621 319 688 agri
339 623 453 674 locorum
472 622 581 690 peritia,
605 620 638 674 da
658 637 708 689 qua
726 621 791 672 dixit
807 617 992 674 Petit-Radei
1012 620 1038 670 iu
1056 619 1147 672 Auuai.
1167 617 1249 672 instit.
1268 616 1398 672 Arcbacci.

260 725 285 765 a.
311 714 389 766 lasa.
408 728 433 779 p.
446 715 488 764 ιο.

377 837 427 904 14.
457 849 619 924 appelletur]
638 850 684 904 Sic
702 849 792 918 scripsi
813 865 846 902 ex
864 850 928 903 Fab.
966 848 1122 919 appellatur
1140 850 1201 904 GH.

374 941 527 1015 septimum]
547 959 572 997 v.
591 942 682 1012 Suppl.
701 942 734 996 V.
752 943 810 995 Sor.
830 957 845 994 e
863 942 893 994 C.
914 942 948 996 G.
965 959 991 1011 p.
1005 945 1067 994 219.

376 1076 431 1142 20.
462 1089 576 1143 Vinalia
593 1091 709 1160 rustica]
733 1091 767 1146 dc
791 1080 908 1161 ternpore
936 1087 1026 1143 burum
1051 1103 1181 1142 sacrorum
1206 1085 1241 1140 ci.
1256 1081 1398 1140 Schneider

260 1183 294 1238 ad
312 1183 420 1239 Varrou.
439 1181 472 1234 de
490 1181 526 1235 R.
540 1181 575 1237 R.
593 1182 622 1250 1,
641 1186 665 1235 1.
684 1199 710 1252 p.
721 1185 784 1234 248.

377 1311 432 1376 26.
463 1325 640 1394 Sementivae]
660 1343 685 1380 v.
702 1327 794 1395 Suppi.
813 1327 846 1381 V.
864 1327 923 1380 Ser.
943 1342 958 1381 e
976 1327 1007 1381 C.
1024 1327 1057 1380 G.
1082 1343 1107 1394 p.
1116 1327 1179 1376 219.

236 1483 241 1494 ι
378 1435 466 1470 omnes
480 1415 561 1488 pagi]
580 1435 668 1468 earnes
683 1435 775 1488 pagus
792 1418 867 1472 FHa.
904 1417 988 1470 omnis
1002 1435 1093 1488 pagus
1110 1417 1144 1468 G.
1162 1420 1192 1466 ut
1206 1429 1248 1479 vg.
1277 1419 1310 1465 et
1327 1411 1397 1464 redeo

261 1505 295 1559 ad
312 1505 377 1558 hauc
395 1507 541 1559 lectionem.
578 1505 646 1560 Nam
665 1523 716 1560 uon
736 1524 824 1562 omues
842 1509 919 1576 pagi,
938 1507 983 1560 sed
1003 1508 1086 1560 omnis
1105 1522 1188 1575 pagus
1204 1504 1244 1570 (id
1259 1511 1302 1556 est
1317 1520 1397 1566 cmiter

262 1599 324 1665 pagi
344 1598 458 1666 incolae)
485 1597 630 1665 Paganicas
655 1597 731 1649 serias
758 1598 783 1649 iu
809 1600 878 1666 agris
902 1596 1039 1651 habebant.
1085 1598 1222 1651 Caeterum
1250 1595 1398 1664 bacproptcr

263 1705 314 1742 nou
340 1705 406 1758 opus
432 1705 505 1753 csse,
530 1693 560 1741 ut
577 1685 687 1738 haberer
706 1689 847 1747 scribatur,
865 1691 932 1744 sicut
949 1705 992 1760 vg.
1011 1691 1057 1755 fit,
1082 1691 1162 1742 verbo
1186 1689 1352 1742 monendum.

372 1819 427 1886 28.
451 1831 482 1884 ί..
498 1829 589 1884 urbem
606 1829 643 1882 aa
661 1831 749 1902 agra]
767 1848 792 1886 v.
811 1834 905 1904 Suppl.
922 1836 956 1890 v.
973 1834 1032 1888 sm.
1051 1849 1067 1887 e
1085 1835 1116 1888 e.
1134 1835 1169 1888 G.
1187 1837 1291 1903 paco.
1321 1869 1326 1877 .

375 1963 430 2030 30·
456 1973 534 2050 quid]
550 1992 575 2030 v.
594 1975 687 2046 Suppi.
704 1975 737 2031 V.
755 1977 814 2030 Ser.
833 1993 848 2032 c
866 1978 897 2032 C.
913 1981 948 2032 G.
966 1997 990 2047 p.
1001 1983 1064 2031 28⁰.

372 2107 425 2172 31.
459 2139 490 2173 eo
508 2122 561 2188 eat]
580 2123 615 2176 cf.
632 2123 765 2200 Prpefstio
782 2141 808 2193 p.
818 2122 942 2178 mvi.

263 2253 267 2266 “
373 2249 427 2316 40.
460 2267 504 2318 ι).
523 2265 631 2340 quitus]
652 2285 677 2322 v.
695 2269 787 2338 Suppt.
806 2270 839 2326 v.
858 2259 915 2325 ε’...
934 2287 951 2324 ι.
969 2269 1000 2325 c.
1019 2272 1053 2323 G.
1072 2274 1169 2340 pauc.

371 2396 425 2461 57.
459 2411 548 2484 eloqui
571 2431 605 2466 ac
628 2411 740 2486 reloqut]
764 2415 805 2468 De
830 2413 880 2468 hob
902 2416 1009 2470 notabili
1031 2415 1186 2468 Sabinorum
1210 2413 1279 2477 ritu,
1307 2411 1351 2478 qui
1368 2409 1395 2462 ad

261 2504 443 2558 divinationem
462 2507 591 2574 pertinere
609 2506 725 2572 videtur,
753 2506 889 2560 divinando
908 2505 1034 2574 quaedam
1051 2505 1152 2576 profert
1168 2502 1394 2560 Petit-Radcliu

262 2597 353 2649 Auual.
372 2595 456 2649 Instit.
474 2595 610 2650 Arcitacol.
630 2612 654 2649 a.
671 2600 749 2650 1832.
775 2615 801 2666 p.
812 2601 875 2652 240.

372 2724 426 2790 58.
459 2757 519 2790 ....
536 2707 636 2811 αξ...]
657 2741 921 2810 v.Supp1.v.s0r.
940 2755 955 2794 e
974 2740 1005 2794 c.
1024 2741 1058 2794 G.
1077 2759 1103 2811 p.
1117 2746 1180 2797 am.

370 2867 425 2936 63.
456 2883 494 2936 ait
509 2884 592 2954 pum]
617 2899 641 2938 v.
659 2884 751 2953 Suppl.
769 2884 802 2937 V.
821 2885 879 2938 Scr.
898 2901 915 2938 a
931 2885 962 2939 C.
980 2887 1016 2939 G.
1034 2903 1059 2955 p.
1070 2889 1132 2941 281.

374 3011 427 3080 68.
453 3024 489 3078 aa
507 3027 550 3080 aa
569 3025 627 3101 qui]
645 3043 668 3080 v.
687 3027 780 3098 sippt.
798 3029 831 3082 v.
850 3029 907 3083 ser.
925 3046 941 3084 e
960 3029 990 3086 e.
1010 3033 1043 3084 G.
1063 3037 1161 3102 pam.

370 3157 425 3222 94.
452 3169 562 3224 dubium
580 3172 651 3241 cunt]
669 3187 693 3226 v.
712 3173 805 3243 Suppl.
824 3173 856 3227 V.
874 3175 931 3226 Ser.
951 3189 966 3226 a
985 3173 1016 3230 C.
1035 3177 1069 3229 G.
1093 3194 1118 3247 p.
1128 3179 1191 3230 asi.

371 3300 423 3368 98.
453 3311 541 3382 cuius]
560 3330 585 3370 v.
602 3315 694 3384 Suppl.
713 3314 746 3372 V.
765 3315 822 3368 Scr.
841 3330 856 3368 e
876 3315 907 3370 C.
926 3317 962 3370 G.
987 3337 1013 3389 p.
1026 3318 1096 3384 282}
1137 3385 1140 3394 .

370 3523 459 3600 VII·
491 3537 522 3604 3.
550 3547 631 3603 verba
651 3550 760 3618 poitica
776 3539 881 3606 ¹dicunt
902 3553 1027 3624 prolata]
1045 3574 1072 3608 v.
1086 3572 1116 3624 p.
1134 3553 1162 3605 d.
1180 3550 1313 3606 contineri
1329 3551 1391 3606 caui.

257 3653 379 3704 Grauert.
397 3647 514 3701 Auulcct.
532 3662 558 3715 p.
569 3647 614 3697 88.
632 3643 701 3710 quod
728 3642 761 3696 ad
786 3659 881 3700 nexum
908 3646 1092 3710 sententiarum
1116 3659 1206 3713 parum
1224 3649 1317 3712 aptum
1334 3641 1390 3698 mibi

257 3740 366 3794 videtur.

372 3861 423 3926 14.
449 3877 490 3932 Ad
509 3879 687 3933 stabiliendam
706 3895 762 3932 eam
780 3880 851 3932 Accii
870 3895 989 3934 versuum
1008 3881 1176 3949 scripturam,
1200 3896 1278 3947 quam
1295 3878 1389 3946 recepi,

255 3969 320 4024 iacit
337 3971 494 4038 comparatio
512 3976 710 4038 impacatorum
727 3985 762 4024 cx
776 3947 920 4039 Menippm'
930 3972 1052 4024 Varronis
1066 3988 1108 4039 ap.
1121 3969 1239 4028 Probum
1255 3968 1288 4024 ad
1301 3967 1389 4033 Virgi-

199 4115 204 4118 .
257 4063 284 4114 lii
302 4061 359 4115 Ecl.
370 4063 418 4127 VI,
431 4066 475 4115 al.
489 4062 607 4130 (Bipout.
626 4080 652 4131 p.
660 4062 737 4136 Ι270.)
757 4061 791 4124 da
809 4061 888 4116 limbo
908 4061 979 4138 picto
995 4058 1034 4114 iis
1050 4078 1096 4116 sex
1113 4061 1199 4133 signis
1217 4058 1388 4114 stellantem-

257 4151 348 4212 tibua5
376 4154 392 4205 i.
413 4168 436 4205 e.
456 4153 578 4208 Zodiaco.

369 4279 422 4346 22·
439 4294 548 4366 smum
566 4313 583 4350 a
601 4283 701 4354 fervida
714 4297 857 4356 Varronem
868 4295 978 4361 dixisse,
995 4296 1084 4350 scribit
1100 4295 1215 4353 Isidorus
1227 4296 1297 4360 ΧΙΙΙ,
1311 4298 1387 4356 lma.
