2890 4820
264 281 355 342 nuru
667 243 985 352 ¹'tirrannum

264 448 426 539 telligitur,
446 445 528 512 baec
545 443 578 510 ln
598 441 700 510 tribus
722 442 802 511 foliis
821 431 941 532 scripta¹
961 441 1069 525 fnisse,
1090 463 1175 534 quaa
1193 465 1266 512 cnm
1279 456 1399 535 quarto

262 540 314 606 illo
340 555 440 602 unum
468 531 652 596 efficiebant
680 530 929 616 quaternionem.
982 529 1095 681 Itaque
1127 530 1274 596 foliorum
1303 531 1399 610 ordo,

263 622 370 713 quiin
392 617 606 705 antiquissimo
628 617 741 681 codice
761 617 935 695 obtinebat,
956 614 1017 682 hac
1061 637 1145 704 gnra
1164 618 1401 704 repraesentari

263 707 397 796 poterit,
418 704 450 769 in
472 722 535 789 qua
554 700 629 767 lolia
647 700 730 766 inter
751 723 787 767 se
808 723 893 767 nexa
937 723 972 766 er
989 705 1015 766 A
1037 713 1070 768 et
1087 702 1135 780 B,
1164 700 1308 770 eiusdem
1330 700 1399 768 lolii

264 791 400 862 exterius
422 799 456 856 et
475 786 605 854 interius
625 784 707 853 latus
727 805 787 875 per
818 786 836 850 1
859 796 893 854 et
911 723 934 852 2
954 785 1178 874 significamus.

476 950 503 1018 n
552 949 594 1015 u.
642 946 700 1015 ur.
750 897 904 1017 rffiv.
946 947 1004 1014 111.
1053 947 1096 1014 11.
1145 948 1171 1014 1.

479 1038 515 1100 s.
558 1039 592 1100 a.
653 1035 688 1099 a,
749 1033 789 1098 Β.
859 1041 895 1099 n.
956 1033 995 1098 Β.
1052 1034 1092 1098 Β.
1136 1034 1176 1100 Β.

462 1120 528 1186 aa
548 1119 614 1185 na
635 1117 703 1183 aa
730 1119 799 1184 1.a.
838 1120 905 1184 aa.
937 1119 1006 1184 aa.
1035 1119 1104 1184 na.
1127 1119 1197 1185 na

263 1233 437 1310 Rationes,
474 1255 552 1322 quas
584 1228 724 1310 iniimus,
761 1230 997 1297 consolidantur
1024 1229 1185 1300 notatione
1210 1227 1395 1295 lacunarum

264 1317 378 1385 decimi
408 1318 496 1398 libri,
529 1338 623 1404 quam
654 1337 702 1390 ex,
725 1316 815 1382 bonis
845 1316 1007 1383 codicibus
1039 1339 1116 1382 acce
1139 1327 1204 1382 tam
1236 1323 1394 1380 tenemus.

261 1403 345 1470 Nam
366 1404 414 1482 X,
435 1403 486 1468 24.
510 1401 628 1487 legitur
648 1398 767 1465 iubis:
789 1400 845 1464 bic
866 1402 1086 1466 decantaris
1101 1339 1198 1489 lolia
1220 1398 1258 1462 in
1278 1422 1395 1463 exem-

256 1487 367 1574 plari,
390 1498 422 1553 et
437 1486 479 1564 X,
494 1485 546 1550 34.
567 1485 697 1550 iterum:
718 1484 775 1547 bic
798 1483 923 1548 desunt
943 1485 1015 1549 tri'a
1055 1485 1137 1552 olio.
1179 1483 1273 1556 Quae
1288 1482 1395 1548 media

130 1644 134 1652 ,
260 1576 343 1639 inter
357 1573 414 1637 has
427 1570 556 1636 lacunas
569 1570 679 1635 relicta
694 1578 776 1648 sunt,
799 1580 944 1637 constant
959 1570 1085 1636 circiter
1096 1567 1393 1634 MMMMCXXXX

261 1657 369 1736 literis,
392 1678 456 1743 qno
479 1675 611 1721 numero
637 1652 700 1717 duo
724 1653 797 1720 folia
817 1655 935 1742 expleri
955 1666 1111 1745 poterant,
1133 1655 1158 1720 si
1178 1653 1274 1741 paulo
1295 1654 1393 1719 laxio-

261 1741 348 1807 ribus
380 1741 523 1806 rersibus
554 1737 603 1804 vel
631 1737 776 1826 parciore
807 1751 954 1805 notarum
990 1763 1048 1807 usu
1080 1740 1256 1828 perscripta
1292 1749 1392 1805 erant.

262 1826 319 1892 Sic
345 1825 543 1913 intelligitur,
579 1846 618 1889 ex
642 1823 848 1911 quaternione
877 1825 1009 1911 periisse
1036 1826 1099 1890 tria
1129 1824 1286 1891 exteriora
1308 1823 1391 1906 falia,

261 1911 404 1979 relictum
428 1912 526 1978 suisse
547 1907 687 1974 medium
711 1931 826 1989 nuum,
851 1910 912 1974 hac
933 1910 1056 1995 figura:

470 2014 496 2080 Ι.
548 2013 589 2080 ll.
630 2014 689 2080 ΙΠ.
764 2012 820 2080 lv.
861 2014 917 2080 IV.
997 2011 1056 2080 ul.
1098 2010 1141 2077 ΙΙ.
1180 2010 1255 2177 1.)

320 2137 329 2156 .
429 2019 508 2181 (A.
551 2101 588 2164 A.
639 2018 720 2180 A.)
774 2098 812 2164 Δ.
870 2100 911 2165 Β.
960 2021 1051 2183 (B.
1102 2097 1144 2164 B.
1177 2096 1217 2161 B.

260 2199 426 2288 Denique,
458 2212 494 2268 nt
523 2201 629 2268 omnia
660 2203 742 2269 inter
773 2225 809 2269 se
839 2201 1026 2283 concinant,
1061 2223 1145 2289 quae
1176 2196 1291 2264 decimi
1321 2196 1392 2265 libri

261 2308 336 2375 pars
356 2297 429 2372 post
458 2287 588 2354 alteram
616 2286 712 2354 trium
734 2287 880 2354 soliorum
901 2287 1044 2354 lacunam
1067 2297 1136 2363 est,
1166 2284 1272 2351 literas
1293 2280 1392 2350 habet

262 2371 388 2437 circiter
409 2371 635 2461 septiesdecies
655 2373 756 2456 mille3
790 2373 990 2462 complebant
1009 2372 1108 2460 igitur
1128 2371 1193 2436 inte
1220 2391 1288 2434 rum
1312 2390 1392 2457 qua-

258 2457 451 2534 ternionem,
487 2458 577 2524 cuius
599 2457 749 2558 quodque
765 2458 886 2524 ‘solium
906 2471 975 2525 erat
1003 2459 1164 2525 literarum
1220 2455 1294 2521 Me.
1337 2454 1392 2520 Ex

257 2541 321 2607 hac
350 2543 593 2628 quaternionum
624 2543 746 2609 ratione
777 2543 965 2630 explicatum
994 2543 1090 2609 etiam
1111 2553 1161 2608 est
1187 2539 1275 2628 quod
1301 2538 1390 2606 initio

259 2626 383 2713 septimi
418 2626 487 2690 libri
524 2626 655 2691 aliorum
684 2627 831 2693 codicum
867 2631 991 2694 scribae
1019 2649 1115 2693 unum
1146 2625 1271 2705 lolium,
1313 2624 1391 2690 alio-
1443 2699 1444 2706 ἵ

258 2731 331 2774 rum
352 2731 464 2774 norem
487 2722 591 2777 cartas
611 2710 765 2778 excidisse
786 2722 952 2799 putarunt:
974 2711 1006 2776 hi
1028 2722 1155 2800 praeter
1173 2710 1279 2777 folium
1301 2707 1391 2797 quod
1443 2723 1444 2792 ᾗ

261 2793 521 2874 desiderabatur,
555 2808 657 2863 totum
687 2798 926 2884 quaternionem
953 2797 1150 2864 intercidisse
1171 2796 1391 2884 opinabantur.

260 2879 369 2970 Atque
386 2879 472 2967 quod
495 2878 537 2944 de
563 2881 760 2972 pagellarum
791 2882 892 2970 spatio
921 2884 983 2949 hac
1011 2883 1247 2971 computatione
1275 2881 1391 2947 certio-

259 2985 312 3030 res
335 2964 412 3031 sacti
434 2988 561 3046 sumus,
592 2967 699 3033 nescio
729 2989 768 3032 an
790 2967 904 3055 aliquid
934 2968 1042 3034 facere
1070 2969 1169 3056 possit
1197 2965 1238 3032 ad
1259 2964 1390 3032 lacunas

261 3049 575 3134 animadvertendas,
607 3074 696 3134 cum,
727 3053 753 3118 si
781 3052 887 3119 solium
916 3052 1056 3120 lacerum
1084 3065 1169 3130 erat,
1207 3052 1280 3116 hine
1306 3049 1389 3116 duas

261 3132 391 3199 lacunas
420 3135 562 3202 eiusdem
585 3138 693 3226 spatii,
722 3138 869 3224 pagellae
898 3138 1045 3204 dimidiae
1068 3137 1228 3204 intervallo
1248 3136 1330 3200 inter
1354 3157 1391 3200 se

262 3216 451 3300 disiunctas,
482 3222 556 3284 oriri
581 3226 713 3290 neces‘se
743 3233 836 3290 esset.
887 3223 1041 3311 Exempla
1070 3235 1191 3302 tamen,
1217 3242 1300 3310 quae
1324 3219 1392 3286 huc

262 3304 421 3392 pertinere
442 3316 585 3391 possent,
617 3310 778 3376 nonsatis
802 3320 890 3376 certa
910 3309 1106 3377 ridebantur.
1132 3365 1136 3372 .

375 3413 545 3497 Lacunae,
576 3418 662 3506 quod
692 3421 837 3494 vitiorum
864 3443 968 3511 genus
997 3423 1135 3490 omnium
1167 3420 1302 3487 maxime
1328 3417 1390 3484 bos

165 3505 170 3516 “
262 3499 360 3567 libros
387 3501 580 3591 deturpavit,
613 3525 654 3569 ex
682 3517 773 3592 parte
795 3519 870 3574 sunt
890 3510 1044 3590 maiores,
1074 3507 1188 3594 quibus
1212 3517 1296 3586 tota,
1325 3525 1391 3569 nec

263 3607 338 3651 raro
370 3589 466 3653 etiam
501 3588 592 3676 plura
624 3588 698 3654 lolia
731 3592 898 3678 absumpta
928 3605 1008 3660 sunt.
1066 3595 1154 3668 Quot
1188 3591 1263 3657 t'olia
1296 3587 1391 3655 dees·

264 3681 352 3746 sent,
375 3670 491 3738 librarii
511 3697 550 3739 ex
574 3674 813 3762 quaternionum
833 3679 971 3757 ratione,
993 3677 1035 3743 de
1053 3701 1116 3768 qua
1134 3678 1278 3754 diximus,
1298 3673 1391 3741 intel-

264 3754 367 3840 ligere
388 3769 543 3842 poterant
586 3760 643 3826 Sic
663 3759 701 3838 V,
722 3762 793 3827 162.
815 3773 964 3829 notantur
985 3763 1049 3828 duo
1072 3765 1144 3830 lolia
1166 3763 1298 3835 deesse,
1318 3760 1393 3838 Vll,

267 3841 297 3904 1.
319 3859 415 3905 unum
443 3842 489 3906 vel
511 3865 622 3910 norem
644 3867 717 3911 cum
742 3845 886 3926 dimidio,
919 3849 1204 3926 rimaraum,
1236 3844 1315 3924 Vll,
1337 3847 1391 3912 26.

266 3923 378 3991 decem
413 3924 514 3992 lineae
545 3931 617 4015 (uhi
650 3933 681 3996 in
714 3932 887 3999 scribendis
921 3935 1064 4002 obscuris
1095 3933 1253 4000 Saliorum
1283 3930 1391 3997 verbis

266 4009 371 4076 scriba
392 4011 594 4101 antiquissimi
610 4016 728 4083 codicis
749 4015 906 4084 deiecisse
926 4019 1084 4103 ridetur),
1105 4018 1198 4099 vul,
1218 4017 1271 4084 84.
1293 4027 1392 4104 quat-

265 4105 340 4196 tuor
360 4093 450 4177 folia,
481 4098 530 4177 X,
551 4099 603 4166 23.
624 4113 657 4168 et
675 4101 726 4166 35.
747 4103 808 4170 tria
828 4104 912 4171 solia.
961 4105 1152 4192 Ubicunque
1174 4125 1214 4170 ex
1237 4099 1391 4190 antiquis·

266 4201 345 4244 srmo
368 4181 481 4247 codice
501 4182 645 4252 delectus
666 4199 793 4254 notatus
811 4202 877 4270 est,
905 4189 1031 4257 additus
1051 4191 1146 4256 etiam
1166 4199 1215 4255 est
1238 4209 1391 4253 numerus

266 4263 410 4332 loliorum
428 4267 475 4334 rel
495 4291 650 4345 versuum,
673 4283 752 4359 quot
765 4270 1036 4343 desiderarentur:
1055 4288 1168 4364 postea
1190 4274 1230 4339 ab
1247 4273 1392 4360 interpo-

246 4348 417 4442 xlatoribus
437 4374 533 4443 saepe
556 4355 699 4425 additum
720 4368 784 4426 est:
822 4361 1004 4445 Quaedam
1025 4361 1167 4440 desum,
1198 4367 1239 4426 et·
1251 4357 1392 4426 barbaro
