2866 4812
486 199 524 300 ἓ.
560 212 610 293 94
633 243 682 258 ·-
709 206 772 295 96·
1125 192 1203 275 tat

185 389 356 485 Corpora
387 391 593 462 Graiorum
625 390 815 460 maerebat
842 394 1013 460 montlier
1042 395 1140 487 igni3
1213 427 1265 497 em

64 507 198 579 dictum
226 507 708 602 mundiciamandeudo,
742 510 833 583 uude
858 509 1145 603 manducari,
1182 537 1203 583 a

63 635 133 706 quo
160 613 200 682 iu
220 607 395 684 Atellanis
419 612 512 710 apud
535 613 749 685 Dosseuum*
773 624 900 685 vocant
921 611 1245 688 Manducum.⁹⁹

167 745 238 820 96.
280 721 392 848 ilpud
416 751 585 830 Matium:

184 857 367 928 Obseaeni
395 862 579 955 interpres
601 859 821 952 fanestiqae
847 861 978 928 ominis
1000 875 1153 952 auctor,-

63 974 332 1050 obscaenum
359 980 489 1052 dictum
511 979 555 1051 ab
577 1004 725 1072 scaena3
755 1002 809 1068 ea,
834 987 874 1052 ut
892 976 1032 1068 Gracci,
1058 972 1204 1072 σκηνήζ

63 1088 102 1147 ut
124 1073 267 1150 Accius
287 1080 428 1172 scribit,
453 1107 570 1154 scena.
623 1080 668 1150 ln
693 1078 853 1176 pluribus
873 1078 987 1150 verbis
1006 1079 1045 1149 Α
1068 1092 1148 1154 aute
1167 1081 1204 1153 E

63 1178 121 1250 olii
136 1193 289 1275 ponunt,
314 1183 373 1254 alii
389 1210 482 1277 nou3
514 1196 554 1254 ut
570 1181 665 1279 quod
679 1183 804 1276 partim
819 1180 941 1253 dicunt
959 1193 1198 1278 sceptrum,

62 1283 194 1375 partim
231 1298 513 1382 scaeptrum5
561 1284 621 1355 alii
660 1282 780 1354 Plauti
817 1283 1261 1386 Faeneratricemff-rs

65 1382 122 1452 alii
146 1383 516 1480 Feneratricem
552 1389 602 1457 sic
627 1385 874 1458 faenisicia
900 1410 941 1456 ac
967 1383 1200 1478 feuisicia,
1283 1416 1285 1422 ¹

64 1508 104 1555 ac
132 1487 258 1560 rustici
280 1488 444 1586 Pappum
465 1487 674 1580 Mecium,
711 1512 781 1560 nou
807 1485 1049 1579 Maesium,
1088 1513 1202 1586 aquo
1274 1547 1275 1555 ,

62 1584 227 1658 Lucilius
252 1589 392 1661 scribit:

184 1701 344 1773 Cecilins
369 1705 530 1771 Pretor*
558 1727 604 1770 ne
632 1705 793 1772 rusticus
816 1701 902 1794 fiat.
1187 1795 1192 1816 1

62 1815 188 1907 Quare
213 1829 314 1918 turpe
343 1821 422 1894 ideo
447 1819 677 1914 obscaenum,
713 1819 830 1918 quod,
867 1823 935 1894 uisi
962 1824 1000 1894 in
1025 1848 1198 1919 scaenam,

64 2019 102 2071 Cf.
123 2021 286 2076 Wernsdori'.
303 2027 334 2077 P.
350 2026 382 2078 L.
398 2025 437 2079 M.
451 2027 483 2078 Τ.
499 2026 545 2090 IV,
564 2026 598 2078 ll.
617 2043 642 2093 p.
652 2029 713 2076 570.
828 2024 975 2091 ntaerebat]
993 2029 1092 2096 scripsi.
1129 2045 1202 2078 mce-

65 2089 142 2142 rebar
158 2093 237 2144 codd.
256 2105 407 2163 praetera,
427 2099 469 2164 qui
484 2095 610 2148 mirabar.
646 2096 806 2164 Deponentis
822 2097 930 2148 moereri
945 2099 1042 2151 nullum
1056 2102 1203 2170 exemplum

66 2169 104 2213 est
130 2171 238 2230 praeter
262 2167 400 2220 lectionem
425 2168 585 2234 quorundam
610 2167 686 2220 codd.
712 2168 738 2219 iu
764 2170 881 2220 Cicerou.
906 2184 952 2236 pro
977 2172 1064 2224 Sestio
1082 2177 1132 2236 39,
1157 2176 1201 2223 84.

66 2231 93 2282 im
109 2235 263 2301 Atellanis]
282 2239 368 2291 Bothe
385 2241 417 2292 P.
431 2242 474 2292 Sc.
488 2241 521 2292 L.
534 2240 567 2303 V,
583 2239 617 2290 ll.
636 2257 661 2305 p.
673 2242 734 2290 ets.
849 2239 924 2306 apud
941 2241 1113 2309 Dossmum']
1130 2245 1199 2294 coni.

67 2303 102 2352 ad
125 2303 253 2356 obsennm
278 2309 431 2376 (obscenum
449 2311 500 2361 Gb.
538 2309 690 2360 obscoenum
708 2308 759 2374 H.)
778 2308 852 2360 codd.
896 2308 1030 2362 obsonium
1047 2329 1107 2378 vg„
1132 2316 1203 2379 quod

68 2375 99 2424 ab
118 2375 142 2428 h.
161 2379 181 2429 l.
202 2378 394 2432 alienissimum.
440 2381 542 2446 Nempe
567 2379 592 2431 iu
617 2380 794 2445 antiquissimo
812 2380 902 2431 codice
919 2382 1043 2447 scriptum
1062 2389 1129 2434 erat:
1160 2388 1201 2451 Ap

68 2445 268 2502 DOSSENUM
286 2454 327 2503 vel
346 2455 386 2518 Ap
400 2450 604 2504 DORSENUM
623 2451 786 2518 (nemetiam
801 2449 864 2502 baec
877 2451 985 2503 nominis
1002 2453 1084 2504 forma
1098 2456 1183 2521 extat)

66 2515 122 2570 binc
141 2519 241 2572 tactum
259 2522 305 2573 AD
324 2523 509 2575 OBSENUM.
545 2522 685 2585 Dosseuus,
703 2523 878 2574 Atellanarum
893 2506 980 2589 potita,
998 2531 1107 2590 quantus
1122 2494 1203 2578 fuerit⁷

64 2588 188 2642 edacibus
213 2591 242 2642 in
264 2593 411 2660 parasitis,
445 2609 478 2646 ex
503 2594 615 2646 Horatio
640 2593 752 2656 scimna;
790 2591 865 2644 huius
892 2596 994 2659 generis
1022 2593 1148 2648 homiuem
1172 2599 1200 2648 in

52 2661 182 2780 *teitaun
202 2663 247 2728 qui
266 2665 446 2731 ludificabant,
464 2666 591 2718 vocabant
607 2665 779 2729 Mandncum,
797 2680 864 2730 quac
882 2681 991 2732 persona
1009 2669 1108 2734 maguis
1126 2670 1200 2720 malis

106 2735 296 2804 crepitantibus
309 2737 429 2790 dentibus
443 2738 551 2804 insignis
567 2739 594 2790 iu
607 2753 703 2806 pompa
714 2736 873 2789 Circensium
887 2737 1006 2790 ludorum
1020 2739 1079 2792 duci
1091 2740 1200 2793 solebat.

172 2843 228 2910 96.
258 2851 388 2924 aetram]
413 2859 572 2912 wemma.
600 2860 632 2913 r.
657 2861 690 2912 u.
708 2859 746 2911 Μ,
765 2861 797 2912 r.
816 2861 862 2914 iv.
881 2867 978 2928 pau.
1030 2864 1075 2916 stc
1100 2864 1199 2918 Matius

63 2933 166 2991 auxi-sse
184 2931 290 2982 videtur
307 2931 380 2982 ltiad.
399 2935 424 2995 1,
444 2935 487 2982 62.
513 2925 571 2980 tarci
590 2927 682 2989 μάντιν
700 2934 810 2998 ἐρείομεν
829 2925 846 3000 ἢ
863 2932 944 3000 ἱερῆα.
1058 2933 1199 3002 obscoeni]

63 2999 97 3054 H.
115 2998 145 3054 nl
162 3001 283 3067 videtur,
302 3005 369 3054 sicut
387 3019 429 3068 vg.
466 2999 569 3053 obsceni
584 3009 643 3052 cett.
660 3002 735 3053 codd.
849 3001 1001 3068 scoenaffl.
1038 3021 1116 3055 scena
1135 3013 1197 3058 cett.

64 3076 154 3140 scena]
174 3090 274 3126 scaena
293 3075 331 3148 ᾳ.
373 3073 476 3126 Laudat
500 3071 563 3124 haec
587 3072 768 3124 Varronis.de
792 3087 868 3124 scena
894 3089 914 3124 s.
934 3089 1027 3124 scaena
1044 3077 1147 3143 Apulei.
1165 3075 1210 3132 ἅθ’

67 3143 217 3212 diphth.12.
238 3149 331 3213 p.132.
346 3147 441 3197 Osann.
550 3139 653 3212 σκηνήἾ
666 3144 731 3196 coni.
744 3142 838 3194 addidi.
864 3143 964 3213 Nempe
974 3148 1104 3200 Graecum
1120 3165 1200 3202 voca-

65 3213 150 3270 bulum
168 3217 193 3269 h.
203 3219 221 3270 1.
238 3217 335 3268 excidit
350 3219 375 3268 iu
390 3216 507 3268 omnibus
525 3216 605 3279 libris,
623 3222 652 3266 nt
668 3230 746 3282 saepe
760 3216 786 3266 in
799 3215 893 3268 multis.
1008 3218 1108 3285 ut],vg.
1146 3230 1200 3270 aar

65 3289 138 3340 codd.
255 3287 367 3354 Accius]
383 3287 469 3340 Bothe
482 3288 513 3338 P.
524 3288 568 3339 Sc.
583 3287 615 3339 L.
625 3289 658 3350 V,
671 3287 692 3337 l.
709 3305 734 3354 p.
744 3289 805 3338 252.
915 3286 1019 3356 partim
1035 3281 1199 3358 sineptrum]

66 3358 104 3410 ab.
122 3365 151 3412 ut
170 3360 286 3424 videtur,
310 3361 377 3412 sicut
395 3359 435 3412 ed.
455 3359 536 3426 princ.
563 3374 614 3410 cm·
631 3358 716 3410 FGH.
831 3356 880 3408 alii
896 3359 1101 3426 Feneratricem]
1121 3364 1199 3414 etiam

67 3425 89 3479 lt.
106 3431 124 3482 l.
143 3449 174 3483 ae
194 3433 272 3484 babet
290 3448 313 3484 a.
350 3431 476 3484 ceFGH.
513 3445 563 3481 om.
579 3430 608 3502 ·b.
742 3427 868 3493 Mecium]
888 3429 927 3480 ed.
947 3431 1027 3496 princ.
1070 3433 1200 3482 moesiam

66 3498 164 3554 FGHa.
202 3521 316 3553 maecum
334 3503 360 3554 b.
405 3503 471 3554 Illud
496 3500 692 3570 praeferendum
717 3508 788 3566 erat,
815 3501 892 3552 etiam
918 3506 1025 3569 propter
1051 3505 1199 3570 analogiam

65 3584 89 3621 v.
106 3575 186 3626 aedae
204 3590 226 3626 s.
245 3573 356 3638 haedus,
384 3575 453 3640 quod
477 3573 503 3624 in
521 3587 582 3624 rure
606 3578 662 3624 erat
679 3571 760 3637 edas,
785 3573 811 3622 iu
830 3571 902 3622 Urbe
921 3571 1013 3622 aedas.
1050 3575 1082 3627 V.
1102 3577 1134 3640 V,
1154 3581 1198 3629 97,
1217 3571 1224 3582 ”

66 3638 105 3694 De
122 3661 232 3712 persona
250 3645 441 3710 Atellanarum,
468 3645 581 3696 rusticae
598 3644 715 3708 fabulae,
735 3645 849 3710 loquitur
866 3642 985 3710 scriptor.
1118 3649 1199 3698 Mae-

65 3711 142 3779 sium]
157 3719 322 3785 SpcngcliuS.
360 3719 485 3768 moesiam
500 3717 601 3768 FGHa.
638 3715 751 3766 moesion
769 3715 795 3767 b.
912 3713 1034 3780 cecilius]
1049 3717 1106 3769 FG.
1145 3711 1198 3770 Gur

68 3782 93 3832 id
109 3789 264 3853 retinuerim,
283 3789 370 3842 statim
387 3788 530 3856 apparebit.
644 3787 765 3850 Pretor*]
784 3783 878 3849 addidi,
896 3786 1030 3852 Scaligcrc
1048 3797 1198 3856 praeeunte,

70 3869 100 3905 ex
115 3857 240 3912 Diomede
253 3861 289 3912 ll.
307 3877 332 3927 p.
343 3863 403 3911 44⁷.
415 3861 455 3924 P.,
476 3877 509 3911 ex
527 3875 578 3927 quc
596 3859 672 3910 simul
691 3863 805 3925 apparet,
827 3872 841 3907 e
860 3857 1005 3923 ponendum
1025 3875 1082 3911 cese
1101 3877 1149 3928 pro
1167 3879 1199 3914 ae

67 3923 231 3998 diphthongo.
267 3933 374 3984 Scilicet
392 3929 507 3984 Lucilius
532 3931 655 3982 rusticum
674 3929 801 3981 bominem
819 3927 939 3992 ludebat,
966 3931 1024 3996 qni,
1047 3931 1070 3982 ei
1095 3939 1200 4000 praetor

68 3994 147 4053 iactus
166 4010 250 4068 esset,
275 4019 317 4056 nc·
331 4019 360 4054 se
388 4001 510 4053 Cecitiam
532 4011 665 4069 pretorem
690 4001 803 4064 diceret,
831 3999 972 4066 verendum
996 4008 1059 4053 erat.
1104 4005 1199 4057 Lucilii

68 4069 186 4135 reliquiae
201 4075 241 4127 ed.
251 4075 294 4126 Fr.
304 4075 392 4126 Dcusa
408 4077 487 4141 p.12.
506 4074 558 4125 Inc.
571 4079 614 4126 et.
727 4070 796 4138 ideo]
810 4072 877 4122 Ante
893 4071 917 4122 h.
929 4088 953 4124 v.
970 4065 988 4140 ἡ
1004 4075 1068 4142 μέση
1085 4076 1198 4127 tollenda

70 4147 129 4191 erat·
267 4144 434 4210 obscaenum]
452 4161 495 4211 vg.
532 4145 669 4197 obscenum
687 4159 710 4194 a.
752 4139 900 4193 obscenam
919 4144 953 4195 G.
997 4142 1144 4198 obserroum
1162 4143 1196 4197 H.
1240 4152 1242 4155 ’

71 4205 100 4255 οὗ
116 4229 234 4268 cerneum
252 4217 282 4269 F.
319 4216 351 4268 ob
368 4235 503 4269 servorum
520 4217 547 4269 b.
660 4215 794 4280 scaenam]
808 4214 880 4266 FGa.
918 4231 1021 4266 scenam
1039 4217 1076 4268 b.'
1101 4233 1197 4268 scaena

73 4278 125 4333 tort.
144 4286 177 4338 Η.
203 4291 269 4342 cient
287 4305 329 4356 vg.
366 4290 547 4345 temanum
563 4289 660 4341 ceneri
685 4301 761 4354 posse
778 4287 873 4354 putari.
