2874 4804
222 1153 663 1230 COMMENTARIIS
716 1151 1000 1230 ADDENDA.

404 1371 845 1392 w

161 1720 225 1801 Ad
245 1723 309 1798 lib·
331 1725 381 1802 V·
417 1739 450 1830 §.
463 1740 494 1808 4.
520 1753 655 1827 impotem]
669 1771 712 1825 vg.
748 1712 917 1828 impotentem
933 1757 1008 1813 codd.
1034 1757 1080 1813 aed
1098 1758 1131 1814 de
1148 1759 1183 1814 (i.

46 1848 114 1902 nihil
131 1854 246 1903 nontam
265 1855 314 1902 eat.

160 1980 192 2045 7·
222 1992 471 2063 incurvicervicum]
488 2009 513 2048 v.
531 1993 623 2064 Suppl.
638 1993 672 2047 V.
690 1994 748 2046 Ser.
764 2007 782 2046 e
800 1993 829 2047 0.
847 1995 882 2048 G.
900 2011 960 2063 pag.
972 1999 1034 2048 2i0.

160 2124 191 2189 8.
216 2141 262 2192 Sio
279 2139 355 2192 velim
369 2138 483 2192 scribas:
502 2135 541 2189 ed
556 2135 638 2188 initia
655 2137 755 2206 rerum]
771 2141 837 2194 coni.
873 2149 902 2192 et
916 2139 998 2194 iniria
1011 2139 1082 2212 regie
1099 2139 1184 2208 codd,

47 2231 119 2300 qaod
136 2230 274 2288 Turnebus
292 2229 357 2297 (non
375 2231 520 2298 Victorius)
540 2239 568 2282 et
585 2229 705 2295 Scaliger
722 2236 772 2282 etc.

158 2359 213 2442 Ι13.
246 2391 302 2446 qua
327 2371 452 2444 cognatio
478 2371 536 2423 eice
561 2369 613 2422 erit
637 2369 712 2422 verbi
736 2371 816 2442 quae]
845 2372 922 2426 Nunc
939 2379 1002 2452 puio
1019 2375 1183 2444 Vertreniunr

6 2523 9 2531 ,
46 2481 138 2518 verum
155 2453 274 2530 vidisae‚'
289 2465 333 2532 qui
357 2479 497 2532 pronomen
522 2479 591 2532 quae
609 2465 747 2516 mutaverit
763 2465 790 2517 in
808 2464 887 2536 quod.

165 2594 216 2660 14.
242 2605 333 2660 Liberi
346 2607 449 2680 fanum
465 2606 495 2659 in
513 2605 610 2658 civium
621 2608 714 2681 Mpero
732 2604 830 2676 locove]
850 2606 880 2676 In
897 2608 1012 2675 margine
1029 2607 1088 2661 libri
1100 2609 1187 2678 Spen-
1288 2646 1290 2651 .

48 2702 162 2758 bemiani
179 2704 206 2756 iu
223 2697 380 2753 bibliotheca
403 2701 490 2768 Regia
516 2699 678 2752 Berolinensi
704 2699 828 2752 asservati
853 2704 997 2753 correctum
1016 2703 1070 2750 cst:
1096 2696 1188 2749 Liberi

42 2794 150 2866 fanum
167 2789 301 2842 inclutum
317 2791 399 2841 Maro
416 2787 519 2855 laconi,
537 2794 565 2842 et
582 2788 734 2856 intelligitur
752 2789 842 2856 Maro,
860 2787 956 2843 Bacchi
974 2789 1080 2855 rodalia,
1096 2789 1187 2844 Maro-

49 2898 118 2938 neae
137 2882 165 2935 in
181 2879 294 2934 Thracia
311 2878 438 2933 conditor.
482 2879 557 2932 Haec
573 2877 748 2934 Schneiderus
764 2880 792 2934 in
809 2881 872 2936 vio
887 2881 996 2936 Verrou.
1014 2897 1040 2952 p.
1049 2883 1112 2934 240.
1147 2880 1187 2933 De
1273 2911 1279 2937 .

47 2977 135 3030 forma
152 2973 261 3028 neminie
277 2969 381 3028 Threca
397 2983 423 3024 v.
440 2967 571 3022 Praefatio
589 2986 615 3037 p.
630 2969 756 3024 XXXIX.
796 3051 801 3062 ,

164 3103 216 3168 18·
248 3113 323 3170 nude
347 3114 445 3182 primae
468 3119 571 3167 annot.=
600 3111 702 3182 Nempe
726 3114 826 3168 Plinius
850 3129 882 3168 eo
905 3114 965 3169 loco
982 3130 1033 3169 non
1051 3115 1084 3168 de
1101 3113 1134 3168 L.
1152 3113 1186 3170 L.

47 3209 131 3263 libros
148 3206 272 3272 adhibuit,
289 3205 337 3259 sed
354 3219 417 3256 nsua
431 3209 471 3256 est
485 3205 609 3256 Varronis
626 3205 776 3278 Menippea,
793 3207 836 3260 cui
853 3205 1003 3274 inscriptum
1021 3204 1134 3270 Dalion,
1153 3219 1206 3262 ex,
1308 3227 1311 3234 ·

49 3317 103 3369 qua
121 3299 224 3352 Probus
241 3297 275 3350 ad
288 3297 391 3365 Virgilii
404 3295 462 3348 Ecl.
475 3294 521 3360 v1‚
535 3298 579 3348 ³1.
597 3292 676 3350 haec:
698 3295 865 3366 Appellotnr
883 3313 901 3348 o
916 3296 1058 3348 coelatura
1076 3295 1188 3352 caelum,

49 3394 153 3442 Graece
171 3385 205 3438 ab
223 3395 323 3440 ornatu
342 3381 451 3452 κόσμος,
469 3383 569 3440 Latine
587 3404 606 3437 o
620 3385 722 3456 puritia
741 3386 864 3440 mundar.
903 3387 1054 3440 Posteriora
1071 3391 1188 3453 tempore

47 3482 195 3534 Varronem
211 3477 306 3536 abbae
319 3478 388 3534 Aelii
405 3477 522 3546 magistri
541 3479 581 3531 eui
594 3475 723 3532 uenientia
739 3475 886 3542 descivisse,
903 3491 937 3551 ex
953 3474 980 3529 lu
990 3477 1007 3529 l.
1024 3476 1186 3544 intelligitur.

166 3607 220 3673 21·
243 3621 307 3673 item
323 3618 448 3690 maxime]
466 3638 490 3676 v.
509 3623 602 3694 Suppl.
620 3623 654 3677 V.
672 3623 730 3676 Sor.
750 3637 765 3676 e
782 3621 812 3674 C.
831 3623 865 3676 G,
883 3639 909 3690 p.
921 3624 983 3674 271.

163 3751 217 3819 23.
251 3775 324 3818 terra
341 3765 379 3847 iit
396 3763 521 3832 obrutus]
537 3783 562 3819 r.
580 3767 672 3835 Suppl.
690 3767 723 3821 V.
741 3767 799 3820 Scr.
818 3780 833 3819 a
852 3764 882 3817 C.
902 3766 936 3819 G.
958 3769 1052 3835 pm

165 3870 260 3922 Annot.
284 3866 317 3920 de
341 3881 401 3918 osse
425 3871 537 3934 excepto
563 3881 631 3918 nunc
656 3865 740 3931 addo,
767 3865 896 3934 duplicem
921 3879 1018 3918 morem
1045 3862 1093 3917 bac
1115 3863 1141 3916 iu
1159 3879 1188 3916 re

44 3960 248 4014 discernendum
264 3974 328 4011 eree.
376 3956 444 4011 Nam
461 3973 520 4012 cum
538 3965 666 4012 mortuum
691 3943 818 4011 hominem
843 3961 912 4009 terra
930 3955 1042 4010 condere
1062 3956 1188 4008 Romania

47 4051 276 4117 religiosissimum
300 4046 446 4112 videretur,
473 4049 518 4101 ubi
542 4049 615 4102 iustis
640 4048 764 4101 iaciendis
788 4049 830 4101 vel
852 4053 953 4116 ternpus
976 4049 1018 4098 vel
1045 4049 1117 4098 locus
1136 4063 1188 4098 non

42 4140 175 4207 dabatur,
203 4143 249 4192 aut
276 4139 379 4205 corpori
404 4139 517 4192 nondum
541 4139 676 4193 combusto
699 4137 796 4204 digitur
824 4136 992 4193 deridebatur
1021 4135 1091 4203 (boc
1116 4136 1189 4190 diee-

42 4232 128 4284 batur
151 4229 292 4282 membrum
318 4227 430 4294 ubscidi,
458 4235 525 4284 teate
550 4230 630 4283 Festo
655 4247 680 4298 p.
695 4233 756 4282 lor.
774 4229 925 4298 Lindem.)‚
953 4236 1015 4296 aut,
1045 4245 1104 4281 cunr
1128 4243 1189 4280 orsa

42 4320 218 4389 legebantur,
238 4335 284 4386 os,
301 4316 380 4372 credo
398 4320 470 4372 calva
488 4320 649 4390 potissimum
678 4323 784 4392 capitio,
809 4322 986 4392 excipiebatur
1002 4325 1030 4372 et
1045 4318 1078 4371 ud
1095 4317 1189 4386 glebae
