2890 4820
269 291 320 342 xx
684 289 984 335 nascerere

271 455 374 524 multis
388 453 466 520 iocis
483 450 590 529 rerba,
609 469 693 537 quae
706 445 812 514 media
828 458 911 529 sunt,
927 445 1122 526 exciderunt,
1136 441 1402 530 sicutbaecipsa:

270 563 343 607 esse
363 539 515 604 amioum
540 536 719 599 inventum
745 532 925 620 intelligo:
948 530 1202 634 ferentarium.
1245 529 1404 596 Vadam

157 623 158 626 ¹
271 625 344 705 vlt,
364 625 416 690 43.
441 624 492 688 87.
513 621 565 686 98.
588 618 659 683 105.
683 628 777 704 atque
799 617 913 683 eodem
936 616 1015 683 Irbro
1038 617 1107 695 VII,
1129 615 1180 679 21.
1203 613 1255 680 23.
1276 615 1329 679 26.
1351 611 1404 678 33.
1442 645 1444 650 ·

270 713 323 778 70.
346 711 435 786 106.,
463 707 576 792 quibus
599 702 677 768 iocis
697 702 823 788 singula
844 702 1011 782 vocabula,
1032 723 1114 789 quae
1136 698 1183 764 bis
1205 697 1278 788 poni
1300 697 1404 762 debe-

271 799 366 875 bant,
405 791 502 859 semei
522 798 644 856 tanturn
667 789 783 876 scripta
806 798 920 854 extant.
971 787 1095 854 Eadem
1118 796 1223 852 autern
1245 784 1404 850 medicina

272 894 338 949 tam
365 879 469 944 multis
500 875 577 941 Iocis
611 885 729 940 certam
763 884 795 939 et
826 871 1032 939 indubitatam
1063 871 1196 938 salutem
1225 869 1337 946 affert,
1370 879 1406 934 ut

272 962 535 1052 desperatissimis
589 959 743 1044 cibusque
777 980 847 1025 eam
879 958 1162 1035 admovere,·non
1192 955 1405 1020 inconsultum

271 1050 457 1140 putaverim.
501 1048 538 1110 V.
561 983 599 1123 V,
621 1046 653 1109 6.
674 1046 725 1110 50.
749 1043 819 1110 165.
847 1043 909 1123 VI,
931 1044 982 1108 38.
1014 1042 1092 1107 VIII
1100 1091 1109 1122 ,
1129 1041 1181 1106 21.
1202 1041 1253 1106 56.
1283 1039 1351 1116 lx,
1373 1038 1404 1103 3.

271 1139 302 1202 6.
324 1137 375 1201 59.
398 1136 451 1200 88.
507 1131 580 1205 Qua
609 1130 639 1194 in
669 1151 722 1209 re,
756 1128 808 1216 qui
836 1128 999 1214 probabile
1021 1126 1113 1206 illud,
1149 1123 1237 1226 quod
1259 1124 1404 1189 similium

273 1219 486 1307 exemplorum
519 1237 650 1280 numero
685 1225 717 1280 et
743 1213 977 1280 consuetudinis
1010 1214 1230 1279 observatione
1256 1208 1405 1287 efficitur,

295 1306 453 1371 onderare
475 1301 638 1378 didicerit,
661 1297 825 1378 fatebitur,
847 1314 942 1386 puto,
970 1321 1049 1386 prae
1069 1297 1121 1363 ilio
1143 1293 1290 1361 etiamid
1317 1292 1404 1381 quod

271 1415 303 1458 rn
325 1387 524 1456 emendando
548 1385 669 1450 facilius
690 1383 788 1449 videri
810 1385 923 1470 possit,
959 1406 1057 1470 saepe
1084 1405 1141 1448 nos
1163 1403 1198 1446 as
1222 1381 1325 1445 ernari
1349 1379 1405 1444 de-

271 1480 359 1543 bere.
401 1476 459 1538 Sic
480 1471 547 1544 lx,
568 1469 620 1534 47.
642 1468 694 1532 ubi
716 1469 747 1532 in
774 1468 859 1534 fibris
882 1481 945 1538 est:
975 1469 1053 1534 dico
1081 1490 1150 1532 non
1202 1464 1406 1529 issimilitu-

272 1563 371 1626 dines
392 1577 522 1643 quoque
540 1550 653 1640 sequi,
682 1553 871 1633 faciliorem,
897 1576 992 1644 quam
1014 1564 1144 1630 vocant,
1173 1550 1405 1616 correctionem

273 1667 345 1710 esse
367 1663 431 1705 non
450 1658 555 1724 nego:
586 1638 662 1700 diso
684 1661 744 1708 noe
766 1639 1019 1704 similitudines
1040 1657 1169 1726 quoque
1192 1636 1309 1721 sequi;
1330 1659 1406 1723 pro·

272 1727 459 1795 habiliorem
481 1734 588 1788 autem
611 1719 718 1800 multo,
743 1723 882 1788 affirmo:
911 1725 986 1786 dico
1008 1747 1076 1786 non
1096 1719 1406 1786 dissimilitudines

273 1815 384 1877 solum
407 1833 484 1886 nos,
517 1807 576 1870 sed
598 1806 848 1871 similitudines
869 1829 999 1893 quoque
1020 1806 1125 1892 sequi.
1168 1806 1406 1892 Suspectam,

273 1900 328 1963 ubi
360 1895 449 1962 simili
469 1892 577 1980 specie
598 1891 751 1956 vocabula
772 1904 941 1972 secuntur,
971 1890 1085 1956 eodem
1108 1912 1252 1955 errorum
1281 1913 1406 1976 genere

296 1985 361 2049 rius
384 1979 532 2045 omissum
562 1985 594 2041 et
621 1977 937 2054 restituendum-est,
968 1988 1003 2043 ut
1031 1977 1145 2040 latum
1175 1986 1249 2041 ante
1276 1976 1407 2040 Latini

273 2007 313 2144 V,
331 2068 421 2138 122,
443 2064 474 2126 si
494 2073 568 2128 ante
590 2061 640 2124 sic
660 2061 727 2140 IX,
750 2065 820 2142 18,
843 2073 875 2128 et
895 2061 992 2128 muita
1014 2060 1260 2140 eiusdemmodi,
1289 2061 1406 2146 quibus

275 2153 370 2218 etiam
393 2146 591 2213 annumerari
619 2157 726 2230 potest
753 2147 893 2212 casinen
920 2169 1045 2211 messes
1067 2155 1171 2212 ortum
1193 2167 1251 2211 ex:
1282 2147 1407 2210 casino
1443 2171 1444 2222 q

211 2257 214 2264 ⁴
275 2238 350 2300 sine
377 2244 489 2308 emet,
518 2231 596 2308 VII,
620 2232 690 2297 106.
1443 2231 1444 2262 ³

390 2319 433 2384 Ut
453 2341 472 2382 a
493 2317 635 2382 versibus
658 2327 691 2382 et
706 2316 864 2382 vocabulis
886 2316 1009 2383 omissis
1031 2315 1072 2382 ad
1094 2316 1228 2406 syliabas
1249 2326 1281 2382 et
1298 2313 1406 2382 literas
1443 2339 1444 2378 .

275 2403 413 2469 veniam:
436 2403 565 2469 miratus
587 2423 667 2480 sum,
689 2402 775 2488 quod
794 2413 842 2470 tot
857 2403 934 2469 Iocis
951 2404 1129 2481 verborum,
1150 2404 1284 2468 maxime
1305 2403 1407 2467 nomi-

275 2511 369 2568 num,
390 2511 472 2575 quae
494 2500 529 2555 ut
549 2487 660 2572 ignota
682 2510 744 2551 non
766 2499 914 2576 poterant
936 2488 1028 2553 facile
1048 2486 1181 2574 expleri,
1202 2489 1324 2577 primae
1342 2488 1406 2575 syl-

274 2573 368 2638 labae
391 2573 530 2638 inlibris
562 2571 791 2638 desiderantur.
835 2576 891 2640 Sic
913 2575 952 2653 V,
973 2573 1026 2637 43.
1050 2571 1225 2656 insumam
1255 2573 1287 2637 in
1316 2574 1407 2638 codi-

234 2651 252 2684 ·’
277 2659 366 2724 cibus
388 2667 437 2722 est
463 2655 606 2742 funum,
628 2651 760 2739 fimum
783 2659 830 2723 vel
853 2659 1009 2736 similiter3
1041 2655 1190 2744 idemque
1212 2657 1316 2725 vitium
1338 2660 1407 2723 Go-

276 2742 392 2808 thauus
414 2740 517 2806 codex
539 2738 636 2806 habet
657 2741 751 2805 etiam
772 2744 810 2822 V,
831 2746 884 2811 75.
927 2744 966 2822 V,
986 2743 1038 2807 58.
1059 2741 1130 2806 Ioco
1152 2767 1179 2808 r.
1202 2742 1409 2807 Samotbra-

277 2850 356 2890 cum
380 2826 413 2890 in
441 2823 614 2891 Hauniensi
637 2836 686 2891 est
709 2829 941 2906 monacnum,
974 2839 1008 2894 et
1028 2840 1140 2929 postea
1162 2827 1409 2894 Somotlrrocin

213 2983 221 3000 ¹
275 2911 309 2990 iun
330 2911 474 2976 omuibus
496 2908 660 2975 codicibus
681 2920 731 2975 est
750 2909 916 2976 obritooin
944 2911 992 2976 vei
1012 2913 1158 2979 similiter.
1201 2912 1240 2991 V,
1261 2913 1312 2978 65.
1335 2933 1409 2977 cor-

276 2998 345 3062 rexi
371 3006 487 3082 potet,
517 2995 570 3059 ubi
601 2996 632 3060 in
656 2994 818 3062 codicibus
847 3008 881 3061 et
908 2996 1034 3082 legitur.
1077 3000 1115 3077 V,
1137 2997 1190 3064 85.
1214 2995 1409 3083 Neapolim

277 3083 423 3146 Varrone
439 3079 591 3166 scriptum
613 3092 671 3154 est,
692 3081 723 3145 in
745 3081 829 3147 fibris
850 3083 955 3167 apoli.
996 3084 1035 3164 V,
1054 3086 1124 3149 112.
1144 3103 1203 3170 pro
1225 3103 1409 3167 magmen-
1441 3081 1443 3090 ’

279 3166 377 3228 torio
398 3165 430 3228 in
455 3164 539 3230 libris
562 3164 679 3251 legitur
699 3178 889 3231 menturae.
931 3165 992 3246 VI,
1013 3170 1064 3233 25.
1083 3166 1206 3234 'restitui
1229 3166 1409 3250 Cbmpita-

278 3246 370 3312 libus
397 3270 437 3312 ex
464 3249 624 3334 scriptura
645 3250 790 3317 codicum
812 3261 853 3315 ut
873 3248 970 3315 olibi.
1018 3253 1116 3332 VIII,
1138 3255 1190 3319 76.
1213 3250 1359 3315 eutoso
1384 3275 1409 3315 v.

278 3333 391 3411 deest,
422 3341 454 3397 et
483 3333 556 3396 sint
584 3355 642 3419 pro
671 3336 786 3400 desint
815 3338 848 3403 in
875 3335 1037 3406 codicibus
1064 3351 1122 3406 est.
1175 3335 1277 3403 Multo
1306 3336 1410 3400 rarius

277 3415 461 3483 huiusmodi
484 3416 628 3484 defectus
655 3431 803 3486 notantur
828 3433 895 3488 tum
920 3422 952 3486 io
974 3423 1086 3490 mediis
1108 3421 1286 3496 vocabulis,
1326 3421 1411 3487 velut

274 3501 442 3588 pertendo
463 3524 522 3587 pro
539 3502 774 3589 pertendendo
788 3506 828 3580 V,
840 3509 888 3588 2.,
908 3517 941 3572 et
960 3505 1143 3598 frequenti
1164 3529 1224 3596 pro
1237 3504 1411 3594 frequen-

279 3586 351 3649 toti
375 3587 414 3664 V,
442 3589 531 3664 107,
568 3609 702 3674 quorum
726 3586 870 3656 vitiorum
906 3613 1023 3659 causae
1057 3603 1231 3683 apparent;
1277 3601 1346 3656 tum
1379 3591 1410 3654 in

280 3672 437 3750 extremis,
455 3672 541 3741 vetut
556 3696 661 3737 conco
677 3693 735 3759 pro
755 3696 899 3739 concavo
911 3675 982 3755 VH,
999 3681 1030 3744 7.
1050 3693 1082 3746 et
1100 3681 1185 3744 item
1202 3699 1261 3766 pro
1280 3676 1411 3761 templo

280 3753 358 3832 VII,
379 3756 411 3818 8.
446 3756 565 3836 ,Unde
595 3781 648 3824 sus
670 3759 738 3823 icor
765 3757 845 3824 iltius
875 3763 990 3826 erroris
1017 3763 1048 3828 in
1077 3764 1163 3829 initio
1185 3760 1411 3830 vocabulorum

277 3837 618 3940 propriamnquandam
641 3783 739 3910 fixisse
758 3863 901 3923 causam,
934 3869 1016 3935 quae
1037 3851 1144 3916 nescio
1166 3871 1205 3914 an
1229 3849 1323 3914 luerit
1343 3867 1412 3912 mos

279 3947 311 3989 m
341 3927 559 4012 antiquissimis
586 3927 672 3994 libris
700 3930 959 4016 manuscriptis,‚⁴
968 3943 1004 4000 ut
1029 3936 1061 4000 in
1083 3934 1155 4000 Gaii
1182 3937 1412 4002 institutionum

280 4008 500 4159 palimpsesto,
527 4014 734 4095 observatus,
757 4038 821 4081 nou
841 4017 938 4082 verba
958 4030 1097 4099 tantum,
1121 4017 1180 4085 sed
1202 4020 1297 4086 etiam
1318 4019 1411 4107 sylia-

305 4117 357 4173 as,
387 4119 414 4161 ει
435 4119 466 4161 ru
488 4118 611 4163 summa
637 4101 755 4186 pagina
783 4101 904 4189 primae
933 4105 1140 4185 collocantur,
1170 4107 1291 4172 maiore
1319 4106 1412 4170 litera

280 4179 459 4246 inchoandi.
502 4183 714 4291 (V.chpius
736 4186 777 4253 de
799 4185 911 4253 codice
930 4191 1012 4256 Gaii.
1035 4189 1278 4278 Zeissenrfitr
1296 4188 1413 4277 gesolr.

281 4265 389 4330 RW.
412 4266 517 4334 mlv.
537 4291 568 4354 p.
581 4267 645 4335 lid
660 4271 756 4358 sqq.)¹
791 4274 890 4339 Certe
910 4274 936 4338 si
965 4275 997 4339 in
1018 4286 1159 4342 extrema
1179 4276 1296 4426 pagina
1316 4296 1360 4338 ne
1381 4284 1414 4339 et

281 4348 312 4413 in
331 4350 473 4437 proxima
495 4375 617 4420 summo
636 4353 707 4422 ioco
729 4355 837 4444 Apoli
856 4357 1090 4446 scriptumest:
1116 4359 1197 4427 faci·
1219 4379 1329 4426 errore
1350 4359 1412 4425 hae
