2866 4812
465 191 764 292 scr-9«
1075 185 1158 296 na

43 376 267 454 descendendo
297 379 411 470 euim,
447 377 607 454 attexit
637 401 709 450 non
732 377 891 474 peruenit
917 375 1072 450 adno'st
1112 372 1158 448 ad

43 481 195 578 rdiquom
226 503 336 580 penus
365 479 462 580 quod
491 480 686 579 posterim,
723 503 804 572 ars,
852 478 1032 576 adquam
1064 501 1210 580 opusne

42 594 85 654 est
113 582 230 679 paucis
263 584 476 680 praeceptis,
516 598 606 680 qute
637 591 720 654 sunt
750 579 882 653 brevia.
952 579 1034 672 Qua
1064 581 1157 657 enini

43 686 216 757 rationein
241 710 312 758 unc
337 683 510 760 vocabulo
524 683 707 759 declinare
730 680 914 774 didiceris,
952 683 991 754 in
1020 681 1155 758 infinito

41 811 171 860 numero
202 787 381 860 nominum
412 788 477 858 nti·
501 788 634 884 possis:
678 788 794 884 itaque
825 785 924 857 noris
958 783 1156 858 nominihus

41 884 138 959 edatis
169 889 207 964 iu
232 887 537 980 consuetudinem,
572 890 651 962 sine.
665 885 883 960 dchiufione
908 911 1028 960 eorum
1048 884 1219 960 decli-1⁰⁵

39 997 127 1059 nattis
161 991 277 1062 statim
309 989 422 1064 omnis
456 989 543 1062 dicit
566 989 745 1088 populus,
778 989 884 1060 etiam
912 989 1038 1063 novicii
1066 993 1158 1063 servi

40 1091 132 1185 empti
158 1092 201 1164 'in
227 1116 354 1190 magna
386 1089 516 1186 familia
549 1093 618 1164 cito
641 1092 799 1164 omnium
823 1114 1069 1163 conservorum
1094 1116 1157 1166 no*

39 1190 130 1262 minis
151 1203 248 1267 recto
275 1217 359 1264 casu
383 1195 587 1290 acceptoin
607 1193 762 1290 reliquos
784 1189 945 1289 obliquos
967 1191 1156 1266 declinant.
1207 1205 1210 1212 '

41 1287 71 1367 7.
110 1291 182 1382 Qui
216 1296 249 1366 si
286 1319 548 1392 nonnunquam
571 1293 887 1384 offendunmon
921 1303 974 1366 est
1001 1293 1219 1383 mimum}

40 1395 152 1464 etenim
173 1393 226 1466 illi
246 1398 308 1494 qui
332 1398 435 1494 primi
454 1399 595 1470 nomina
614 1391 991 1493 imposueruntreitus,
1014 1393 1160 1468 fortasse

37 1517 72 1564 an
101 1495 140 1579 in
163 1495 373 1593 quibusdam
398 1500 471 1572 sint
492 1498 607 1596 lapsi,
649 1497 800 1570 voluisse
825 1493 1064 1592 enim'puteut
1088 1498 1160 1569 sin·

37 1594 156 1691 pulcris
181 1624 239 1670 res
266 1611 406 1692 notare,
438 1611 486 1674 nt
509 1626 553 1672 ex
576 1598 633 1671 tis
662 1601 701 1671 in
726 1596 982 1672 multitudinem
1007 1597 1160 1671 declina·

35 1707 141 1790 retur,
177 1697 224 1770 ab
251 1697 434 1774 homine
467 1699 693 1795 homines,
732 1702 785 1772 sic
807 1703 921 1770 mares
946 1697 1074 1774 liberos
1098 1725 1161 1774 vo·

35 1793 137 1872 luisse·
156 1801 292 1895 notari,
331 1813 371 1874 nt
394 1827 438 1874 ex
461 1801 518 1874 his
549 1801 697 1876 feminae
728 1799 1007 1892 declinarentur,
1043 1811 1083 1872 ut
1106 1813 1162 1874 est
1231 1842 1235 1850 ·

35 1896 68 1970 ab
100 1900 333 1977 Terentio.
363 1903 611 1999 Terentia,
659 1904 711 1976 sic
744 1905 782 1975 in
817 1911 915 1976 recto
951 1926 1037 1974 casu
1075 1926 1163 2000 quas

36 2000 389 2099 imponerentuoces,
405 2004 575 2078 -utillinc
600 2015 718 2078 essent
726 2004 880 2077 ‘tumme
900 2028 990 2101 quae
1009 2003 1162 2076 deelina-

37 2115 164 2176 rentur:
201 2103 263 2177 sed
287 2104 375 2178 haec
398 2107 436 2178 in
451 2105 621 2180 omnibus
647 2117 764 2180 tenere
784 2105 969 2206 nequisse,
1006 2103 1101 2204 quod
1126 2115 1163 2178 et

38 2228 115 2278 unae
140 2203 305 2280 eliciantur
328 2232 510 2306 scopae,
539 2220 581 2281 set
604 2219 738 2282 mas'et
761 2207 890 2280 femina
914 2207 1089 2304 aquila,
1128 2217 1164 2280 et

37 2317 121 2379 recto
144 2318 179 2380 et
200 2306 345 2406 obliquo
369 2308 542 2382 vocabulo
567 2311 649 2382 vis.
775 2306 816 2380 8.
856 2308 957 2401 Quor
981 2307 1068 2380 haec
1091 2328 1222 2401 uon&

38 2414 107 2480 tam.
121 2410 191 2481 sint
215 2410 253 2480 iit
282 2409 407 2507 ctdpa,
441 2435 546 2506 quam
570 2419 713 2507 putant,
744 2409 909 2508 pleraque
929 2399 1066 2482 'solvere
1091 2435 1162 2482 nou

39 2503 189 2603 difficile,
219 2508 282 2583 sed
306 2535 403 2594 nunc
430 2537 502 2582 non
523 2535 688 2606 necesse,
722 2511 908 2585 nonenim
933 2507 1018 2608 quid
1040 2520 1163 2608 potue—

37 2609 98 2680 rint
124 2611 291 2710 adsequi,
328 2611 391 2685 sed
421 2613 506 2710 quid
537 2612 731 2706 volueriut,
771 2612 817 2685 ad
850 2609 918 2686 hoe
950 2610 1046 2711 quod
1080 2640 1162 2711 pro·

37 2713 198 2806 positum,
236 2712 366 2807 refert,
405 2713 502 2813 quod
537 2713 647 2789 nihilo
682 2717 799 2788 minus
840 2713 1007 2788 declinari
1050 2713 1236 2812 potest(⁸⁶)

38 2807 73 2882 ab
96 2839 136 2887 eo
161 2813 259 2914 quod
289 2817 529 2914 imposuerunt
559 2841 706 2916 scopae,
747 2842 873 2918 scopa,
912 2839 1017 2917 quam
1043 2817 1074 2890 si
1098 2817 1162 2890 im·
1227 2827 1232 2836 '

39 2918 225 3008 posuissent
248 2941 375 3017 scopa,
402 2915 447 2990 ab
472 2943 515 2992 eo
540 2943 690 3020 scopae,
712 2921 777 3014 sie
800 2919 880 2994 alie.

125 3033 167 3110 9.
212 3034 353 3136 Causa,
375 3039 541 3138 mquam,
568 3037 745 3138 quor*ab
769 3037 940 3138 impositis
965 3031 1202 3125 nominibus5

37 3238 80 3294 ria.
112 3245 238 3300 mamona
255 3246 337 3302 nent.
362 3235 511 3318 Stephanus
528 3247 640 3302 incaute.
779 3245 920 3323 reliquom]
937 3245 1070 3320 reliquum
1087 3244 1166 3298 codd.
1203 3225 1213 3244 '

37 3310 189 3384 declinatus]
208 3335 252 3386 vg.
288 3317 407 3371 declinat
424 3319 519 3373 GHab.
556 3317 722 3372 declinamus
740 3319 772 3372 F.
904 3318 1003 3372 novicii
1018 3316 1100 3382 servi]
1124 3316 1166 3368 De

39 3379 71 3436 his
87 3387 118 3440 cf.
137 3389 240 3456 Digest
258 3389 340 3457 XXI,
359 3394 384 3444 1.
409 3392 482 3448 tat.
500 3395 545 3447 65.
573 3391 595 3460 5.
613 3395 640 3446 2.
769 3389 895 3458 nominis]
913 3391 980 3444 coni.
998 3387 1166 3458 Spengeliur.
1283 3395 1289 3416 ‘

37 3457 133 3510 novena
156 3463 226 3516 ceni.
244 3459 412 3532 Augustinus.
449 3462 533 3516 omnis
550 3463 599 3517 rb.
635 3479 723 3515 omnes
741 3463 819 3518 Gtte.

136 3559 170 3624 7.
198 3569 254 3693 pai
271 3570 308 3637 si]
326 3570 417 3625 didus.
452 3568 515 3642 quis
532 3569 608 3624 codd.
635 3563 638 3570 ’
695 3568 750 3639 illa]
767 3570 857 3626 Aldus.
893 3566 945 3620 ilic
962 3557 1038 3621 codd.
1128 3563 1165 3618 ab

40 3638 164 3710 Terentio]
181 3659 200 3694 a
235 3643 282 3696 Fa.
318 3659 337 3692 a
354 3643 417 3696 GH.
440 3642 475 3696 cf.
489 3648 579 3698 anum.
595 3641 630 3696 ed
647 3641 681 3708 V,
699 3645 743 3695 30.
876 3640 959 3705 unae]
979 3640 1047 3692 coni.
1063 3637 1165 3706 scripsi.
1215 3693 1218 3698 ,

39 3724 88 3760 una
100 3723 131 3776 ¹et
147 3715 227 3770 codd·
244 3715 300 3768 sine
314 3727 399 3767 sensu.
442 3715 503 3768 Hoc
521 3715 590 3768 enim
608 3713 673 3766 dicit
689 3715 816 3782 scriptor,
840 3727 932 3765 vocem
948 3726 1044 3780 scopae
1061 3723 1112 3763 non
1130 3725 1165 3762 ex

37 3779 151 3849 singulari
168 3787 240 3840 flecti
257 3785 284 3839 in
301 3785 472 3840 multitudiuis
489 3801 641 3850 numerum,
658 3785 705 3838 sed
717 3801 782 3838 unas
797 3783 849 3837 diti
861 3798 961 3853 scopes.
997 3782 1070 3836 Idem
1080 3781 1165 3835 Varro

38 3848 130 3909 dixerat
146 3857 189 3923 X,
207 3861 266 3923 at,
293 3857 372 3912 modo
398 3859 470 3910 locus
496 3859 599 3925 integer
621 3863 777 3924 superesset.
819 3856 861 3908 De
879 3853 993 3908 contusis
1010 3870 1067 3905 nna
1084 3862 1112 3903 et
1137 3858 1165 3904 et

39 3937 99 3975 unce
115 3943 139 3982 v.
157 3929 297 3982 Praelatio.
447 3927 500 3996 vis]
518 3929 635 3994 Probus,
658 3927 699 3992 ΙΙ,
717 3931 755 3980 1.·
768 3945 794 3996 p.
807 3929 869 3980 lae.
887 3923 1020 3991 Lindem,
1046 3939 1105 3979 eum
1130 3937 1164 3976 ex

39 3988 154 4053 Terentio
173 4002 290 4054 Varrone
307 3999 359 4052 lnce
376 3997 418 4052 vis
436 3999 528 4066 affert,
551 4002 603 4054 etio
620 4001 679 4052 ioco
696 3999 785 4052 utitur.
1090 4013 1094 4024 ·

39 4197 52 4246 q
84 4184 101 4236 d
138 4101 169 4168 8·
182 4098 291 4188 squid]
325 4123 436 4185 atroque
468 4119 527 4172 loco
562 4117 638 4186 posui
665 4131 699 4170 ex
727 4117 794 4170 coni.
821 4115 947 4184 scioppii.
992 4075 1060 4183 'qni
1087 4110 1163 4164 codd.
1228 4151 1231 4157 .

53 4199 82 4234 uo
116 4203 157 4254 vg.

138 4281 169 4345 9·
206 4297 310 4366 φατ’]
330 4249 400 4367 quur
417 4294 467 4350 Ha.
516 4305 564 4384 ear
582 4301 644 4351 cett.
689 4297 756 4353 Post
781 4293 845 4348 haec
870 4293 942 4349 addit
967 4289 1090 4346 cedit:
1117 4303 1164 4338 ens
