2874 4804
460 247 497 346 §-
528 261 732 332 11--11
785 251 788 256 “
1094 247 1177 322 215

48 434 240 508 cursito:
279 433 364 506 alias
388 435 426 502 in
452 443 626 522 extremo,
653 443 693 506 ut
719 431 881 524 doceo,
905 431 1057 506 docui:
1093 437 1177 510 alies

49 537 260 627 eommunis,
295 545 334 606 ut
365 533 489 631 lego,
525 534 630 631 legi.
692 533 817 608 Refert
848 536 954 633 igitur
979 561 1022 608 ex
1047 538 1176 632 quibus

48 638 152 710 literis¹
180 634 344 734 quodque
380 633 525 707 verbum
561 646 716 727 constet,
760 648 795 715 et
828 638 975 708 maxime
1008 648 1174 730 extrema,

49 738 138 836 quod
163 764 203 811 ea
228 740 266 809 in
292 737 466 834 plerisque
491 733 760 828 commutantur.
889 734 957 808 26.
994 738 1115 829 Quare
1140 743 1178 812 in

49 840 100 911 bis
125 865 265 937 quoque
291 837 447 937 partibus
475 839 716 912 similitudines
737 837 781 910 ab
802 839 878 910 aliis
900 839 1003 930 male,
1032 839 1076 912 ab
1099 841 1240 914 aliisraa

49 941 134 1012 bene
169 940 265 1040 quod
298 939 411 1013 solent
443 941 553 1031 sumi,
591 943 628 1011 in
662 940 799 1012 casibus
833 941 1050 1014 conferendis
1084 953 1179 1016 recte

48 1069 89 1112 aa
120 1068 323 1140 perperam,
361 1041 569 1113 videndum:
610 1042 670 1116 sed
696 1040 896 1138 ubicunque
919 1055 1181 1118 commoventur

48 1144 177 1236 literae,
203 1172 273 1218 non
295 1143 407 1216 solum
433 1142 498 1214 hae
525 1155 607 1215 sunt
629 1143 964 1236 animadvertendae,
992 1143 1056 1216 sed
1075 1148 1239 1244 etiamst—2

49 1270 144 1340 quae⁴
162 1271 350 1344 proxumae
376 1254 459 1316 sunt
484 1269 596 1342 neque
627 1255 830 1338 moventur,
866 1244 952 1316 haec
977 1247 1069 1318 enim
1095 1247 1178 1320 vici·
1190 1267 1256 1330 111)

49 1348 136 1418 nitas
172 1347 388 1444 aliquantum
425 1358 547 1441 potens
581 1347 619 1416 in
655 1345 841 1418 verborum
875 1345 1177 1420 declinationibus.

49 1444 114 1518 27.
155 1448 200 1519 In
225 1450 305 1546 quis
330 1447 451 1544 figuris
477 1473 547 1519 non
574 1473 614 1519 ea
640 1448 765 1519 similia
789 1447 943 1518 dicemus
972 1472 1060 1544 quae
1086 1450 1179 1520 simi·

42 1547 89 1620 lis
115 1575 172 1620 res
194 1549 408 1647 significant,
437 1549 499 1620 sed
525 1574 614 1648 quae
638 1575 678 1620 ea
701 1545 815 1620 formd
838 1550 924 1640 sint,
953 1561 993 1620 ut
1013 1549 1181 1622 eiusmodi

49 1675 103 1720 res
135 1651 259 1722 similis
292 1677 336 1722 ex
367 1651 527 1723 instituto
560 1649 756 1748 significare
789 1648 992 1747 plerumque
1024 1649 1179 1744 soleant3

48 1764 85 1821 111
124 1754 278 1822 tunicam
316 1750 450 1822 virilem
491 1763 527 1824 et
559 1750 763 1824 muliebrem
796 1751 943 1823 dicimus
979 1777 1050 1824 uon
1083 1747 1178 1842 eam,

47 1875 154 1948 quam
180 1851 285 1924 habet
309 1853 363 1923 vir
388 1863 447 1923 aut
471 1851 616 1943 mulier,
646 1851 708 1924 sed
731 1850 990 1949 quam'habere
1015 1879 1058 1926 ex
1083 1854 1181 1926 insti·

48 1953 121 2023 1111
146 1952 268 2048 debet5
311 1964 423 2050 potest
446 1955 537 2026 enim
563 1953 766 2026 muliebrem
791 1955 866 2045 vir,
900 1953 1034 2025 virilem
1057 1954 1182 2026 mulier

50 2051 196 2145 babere,
222 2067 261 2126 ut
284 2056 321 2126 in
346 2081 472 2126 scaena
493 2054 537 2126 ab
564 2053 742 2128 actoribus
768 2053 889 2126 haberi
911 2055 1088 2148 videmus,
1119 2054 1195 2128 sed·

51 2181 124 2242 eam
157 2156 304 2230 dicimus
335 2153 558 2248 muliebrem,
596 2182 685 2254 quae
711 2156 754 2228 de
783 2181 825 2228 eo
849 2182 974 2254 genere
1000 2167 1073 2249 est,
1109 2182 1180 2254 quo

51 2256 186 2329 indutui
211 2257 372 2330 mulieres
404 2271 443 2329 ut
465 2269 643 2330 uterentur
666 2268 720 2330 est
745 2257 953 2330 institutum.
1008 2259 1058 2330 Ut
1083 2269 1181 2330 actor

52 2357 173 2431 stolam
199 2357 415 2450 muliebrem,
442 2360 493 2430 sic
514 2361 700 2454 Perpenna
722 2370 757 2430 et
776 2357 927 2430 Caecina
948 2368 984 2430 et
1004 2357 1182 2455 Spurinna

53 2457 161 2558 ligura
193 2459 374 2533 muliebria
406 2460 571 2532 dicuntur
600 2458 728 2531 habere
759 2461 918 2551 nomina,
941 2473 1027 2530 mon
1060 2459 1244 2551 mulie-⁵52
1347 2481 1357 2501 '

54 2587 140 2634 rum.
257 2559 326 2632 28.
357 2561 529 2634 Flexurae
549 2586 688 2658 quoque
709 2559 896 2636 similitudo
910 2553 1066 2646 ,videnda
1086 2560 1179 2653 ideo,

55 2663 144 2758 quod
180 2665 246 2734 alia
278 2661 383 2736 verba
418 2689 522 2762 quam
556 2666 626 2735 vim
661 2662 832 2758 habeant,
872 2689 915 2736 ex
948 2665 1034 2762 ipsis
1067 2661 1183 2736 verbis

56 2883 197 2938 iaciendum
216 2887 265 2950 sit,
288 2887 401 2938 incertus
419 2883 528 2951 haereo,
550 2893 635 2938 utrum
652 2885 834 2952 intelligendus
850 2886 883 2938 sit
901 2885 934 2936 de
953 2887 1022 2938 vocis
1041 2891 1183 2938 eommuta-

55 2955 121 3010 tione
138 2960 195 3010 aine
213 2958 345 3010 literarum
363 2957 510 3024 demptione
528 2959 582 3009 sire
601 2957 731 3009 additione
756 2957 838 3019 saeta,
861 2957 935 3007 cuius
960 2957 1106 3022 exemplum
1125 2973 1184 3008 essa

55 3034 151 3092 poterat
170 3021 380 3096 praesenserit,
399 3034 573 3096 comparatum
591 3044 649 3080 enm
668 3028 784 3094 perfeeto
801 3026 858 3078 suit
877 3026 924 3093 (ef.
942 3025 1081 3091 1x‚104.),
1097 3043 1138 3090 an,
1156 3027 1183 3080 id

55 3100 118 3162 quod
135 3103 217 3152 multo
236 3100 393 3170 probabilius
406 3101 520 3164 videtur,
538 3101 572 3152 de
590 3099 772 3152 mutationibus
790 3097 818 3147 in
836 3097 914 3146 initio
933 3095 1005 3150 verbi
1021 3113 1042 3150 s.
1055 3098 1085 3148 in
1098 3099 1183 3164 primo

54 3169 127 3220 verbo
143 3171 222 3224 factis
240 3169 303 3224 baec
320 3173 425 3239 scripta,
443 3177 470 3224 et
483 3173 601 3239 exemplo
620 3185 670 3222 non
684 3185 717 3222 ex
737 3168 917 3232 declinatione,
936 3167 982 3220 sed
995 3171 1184 3238 compositione

56 3242 131 3305 petito
150 3241 195 3310 (ut
213 3252 293 3308 eunt,
314 3243 425 3310 desunt)
445 3245 596 3295 confirmate
613 3243 672 3294 sint.
709 3241 776 3292 Nam
795 3241 828 3291 de
846 3240 1049 3307 reduplication'e
1069 3241 1184 3304 syllabae

55 3313 147 3376 primae
173 3313 223 3366 hoc
247 3316 330 3382 primo
355 3316 413 3367 loco
438 3314 524 3367 dicere
548 3315 592 3366 vix
617 3319 733 3380 poterat,
762 3312 881 3380 qnoniam
907 3311 971 3364 baec
996 3329 1056 3365 raro
1081 3313 1111 3364 rit
1127 3313 1183 3364 siue

56 3387 192 3437 mutatione
211 3389 320 3438 extremi
338 3387 418 3438 verbi.
533 3385 621 3451 curso]
640 3401 682 3449 vg.
719 3402 800 3435 cursu
819 3383 893 3436 codd.
1001 3381 1065 3452 legi]
1078 3383 1183 3455 ¹scripsi.

56 3451 107 3522 lege
126 3457 201 3509 codd.
238 3457 306 3509 Illud
324 3458 471 3526 exemplum
489 3461 529 3508 est
547 3456 697 3509 mutationis
715 3456 741 3507 in
760 3461 878 3508 extremo
904 3460 930 3506 et
948 3456 975 3508 in
992 3455 1077 3506 medio
1095 3453 1183 3516 verbo,
1266 3525 1270 3532 .

57 3533 158 3594 propter
175 3528 377 3597 productionem.

164 3635 216 3698 26.
242 3660 312 3701 recte
330 3668 366 3701 on
387 3652 538 3719 perperam]
563 3651 693 3716 intellige:
719 3655 859 3702 sumantur.
1025 3645 1183 3716 proxumae]

54 3731 177 3842 prosigue
194 3721 228 3774 (i.
262 3721 400 3791 proximae
418 3723 464 3776 Fa.
498 3724 617 3793 proxime
636 3723 670 3774 H.
819 3715 1003 3788 aliquantum]
1022 3716 1181 3787 aliquantu-

67 3807 107 3838 111
152 3829 159 3844 .

165 3890 217 3957 27.
248 3907 531 3976 1111111111111111.
574 3925 615 3959 ra
638 3906 737 3958 11111111
761 3905 835 3959 coar.
882 3904 936 3957 Sea
960 3908 1183 3972 ratesponae

61 3976 177 4044 coniungi
200 3995 257 4031 cum
277 3995 301 4032 v.
319 3979 461 4044 eiusmodi,
491 3980 561 4045 quod
579 3978 759 4048 explicandum
779 3984 819 4029 est
843 3977 927 4044 ellipai
945 3991 969 4030 v.
983 3975 1102 4046 figurae.
1140 3971 1181 4026 Oi.

60 4044 208 4104 simillimum
226 4052 371 4118 exemplum
389 4051 422 4114 V,
437 4055 497 4102 128.
612 4049 728 4113 soleant]
743 4050 832 4102 Aldus.
869 4047 953 4096 solent
969 4047 999 4098 F.
1035 4045 1102 4098 solet
1119 4045 1181 4099 GH.

61 4115 141 4167 soleat
159 4138 181 4173 a.
294 4121 416 4186 indutui]
434 4121 467 4173 cl'.
487 4136 544 4174 111111.
564 4121 596 4174 ud
611 4123 646 4185 V,
658 4125 719 4172 131.
834 4118 984 4186 Perpemta]
1003 4117 1036 4170 cf.
1049 4118 1125 4180 Vlll,
1138 4121 1182 4170 41.

63 4183 104 4248 lx,
117 4193 158 4243 41.
195 4192 244 4244 His
262 4191 326 4244 locis
344 4194 453 4245 nominis
472 4193 592 4256 formam,
611 4208 677 4260 quae
696 4189 771 4244 codd.
790 4191 841 4242 sule
860 4191 982 4255 traditur,
1000 4191 1120 4242 1111111111
1138 4205 1182 4240 11-

63 4255 134 4323 liqna,
161 4263 207 4314 sed
226 4263 304 4327 Vlll,
321 4267 366 4316 et.
390 4265 483 4316 mutavi
502 4264 529 4315 in
547 4267 697 4331 Perperna,
722 4262 792 4328 qrrcd
812 4263 879 4313 illius
899 4262 950 4313 loci
968 4262 1032 4314 ratio
1052 4261 1183 4330 postulare

63 4327 197 4386 ridebatur.
310 4335 458 4402 Spurinna]
479 4335 636 4401 Augustinus
654 4336 679 4387 in
698 4350 779 4401 marg.
815 4332 932 4402 puriora
950 4333 1022 4386 rea.
1061 4349 1110 4384 em.
1132 4331 1164 4379 Η.
