2864 4814
453 227 491 328 §-
518 233 565 310 61
593 271 644 284 -
670 233 732 312 oi.
1034 203 1036 210 ’
1107 232 1164 308 or

33 416 165 507 cimus,
202 413 258 485 vel
289 411 382 511 quod
407 416 467 511 qui
489 414 680 505 docentur,
717 414 925 488 inducantur
949 419 1044 492 inid
1069 422 1166 518 quod

33 516 201 606 docentur
226 513 269 588 ab
292 542 334 588 eo
356 519 417 614 qui
439 516 505 587 scit
524 516 669 608 ducere,
698 519 758 614 qui
777 530 830 590 est
850 517 922 588 dux
944 531 1004 592 aut
1024 521 1160 616 ductor,

31 619 92 714 qui
113 607 174 689 ¹ita
209 618 415 704 inducitut
449 617 584 690 doceat.
657 611 718 689 ab
756 618 912 692 docendo
950 621 1159 717 discere,
1177 652 1226 692 240

32 716 320 816 disciplina3*
357 718 465 792 literis
501 720 720 792 commutatis
751 723 884 816 paucis.
949 711 1228 797 Abeodern-

30 821 203 917 principio
236 819 525 914 documenta,
565 846 653 919 quae
688 823 845 921 exemplu
881 823 1028 898 docendi
1063 851 1167 900 caiisa

30 921 210 994 dicuntur.
283 952 285 957 ·

146 1039 214 1122 65.
254 1053 527 1149 Disputatio
558 1061 594 1124 et
625 1054 904 1148 computatio
939 1056 1033 1126 cunr*
1065 1063 1165 1154 prae·

30 1152 202 1250 positione
234 1178 255 1224 a
286 1153 441 1250 putando
474 1151 569 1251 quod
600 1151 692 1225 valet
724 1178 851 1248 purum
886 1153 1013 1228 iacere.
1081 1159 1166 1232 Ideo

30 1247 166 1350 antiqui
204 1263 331 1351 purum
368 1264 525 1352 putum
567 1252 784 1352 appellarunt
798 1282 810 1349 3
855 1253 934 1338 ideo
975 1253 1167 1352 putator

31 1354 133 1450 quod
165 1353 306 1428 arbores
334 1381 441 1453 puras
474 1354 592 1450 facit‚=
615 1354 694 1427 ideo
718 1357 806 1428 ratio
841 1359 995 1454 putari
1020 1356 1162 1453 dicitur,

30 1458 68 1526 in
107 1480 176 1553 qua
206 1483 341 1528 summa
370 1458 415 1529 sit
446 1481 548 1552 pura.
611 1455 674 1529 Sic
707 1457 738 1528 is
769 1483 882 1529 sermo
911 1460 948 1530 in
976 1483 1047 1556 quo
1078 1487 1165 1558 pure
1175 1481 1238 1549 (aa)

30 1555 268 1654 disponuntur
298 1557 427 1650 verba,
464 1583 508 1629 ne
539 1559 592 1630 sit·
617 1556 783 1630 contusus
807 1568 910 1656 atque
936 1569 974 1630 ut
999 1560 1164 1655 diluerat,

30 1658 163 1730 dicitur
187 1658 437 1756 disputare.
556 1655 624 1731 ot.
653 1657 761 1750 Quod
785 1659 932 1733 dicimus
957 1661 1163 1756 disserit,

30 1762 115 1832 item
136 1761 341 1832 translatitio
356 1772 459 1858 etque
480 1785 524 1832 ex
544 1761 636 1858 agris
656 1757 763 1833 verbo
775 1787 793 1856 5,
814 1786 895 1833 nam
913 1773 951 1834 ut
972 1763 1075 1836 olitor
1095 1764 1165 1836 dis·
1179 1792 1227 1858 qq

32 1863 120 1933 serit
141 1861 178 1930 in
202 1887 299 1935 areas
320 1863 374 1933 sui
398 1862 591 1958 quoiusque
616 1861 752 1960 generis
774 1888 852 1954 res,
879 1865 988 1950 sicin
1014 1867 1168 1940 oratione

32 1963 96 2060 qui
131 1960 233 2055 facit,
271 1961 488 2034 disertus.
550 1962 725 2054 Sermo,
761 1965 906 2061 opinor,
940 1976 993 2038 est
1018 1991 1038 2036 a
1064 1969 1165 2057 serie,

32 2061 128 2134 unde
154 2075 294 2159 serta3
330 2066 434 2136 etiarn
458 2064 723 2136 investimeuto
749 2078 914 2138 sartum
945 2067 1040 2164 quod
1073 2093 1168 2140 com·
1211 2148 1214 2154 ¹

33 2162 249 2262 prehensum
261 2193 272 2260 3
319 2191 432 2238 sermo
467 2166 559 2236 enim
597 2192 667 2238 non
704 2175 817 2263 potest
851 2166 888 2237 in
923 2193 993 2238 uuo
1028 2166 1169 2242 homine

33 2290 114 2336 esse
145 2265 240 2360 solo,
276 2266 338 2338 sed
372 2266 432 2338 ubi
458 2268 568 2338 oratio
598 2291 677 2338 oum
712 2266 818 2339 altero
852 2269 1048 2340 coniuncta.
1103 2271 1167 2342 Sic

34 2392 273 2440 conserere
306 2393 475 2439 manum
500 2367 648 2438 dicimur
675 2391 755 2439 cunr
777 2366 902 2462 boste3
945 2369 998 2439 sic
1022 2393 1066 2442 ex
1091 2369 1167 2442 iure

36 2569 114 2623 codd.
133 2577 217 2624 ortum
236 2572 262 2624 id
281 2589 315 2626 ex
332 2573 422 2624 ultima
441 2573 515 2625 litera
528 2589 557 2624 v.
576 2541 661 2642 qdod,
687 2578 714 2624 et
737 2571 771 2626 ei.
934 2569 969 2622 ab
986 2571 1027 2638 eo]
1045 2574 1168 2626 coniunxi

36 2657 96 2694 cum
114 2644 338 2708 antecedentibus,
358 2651 384 2696 et
401 2645 494 2696 sustuli
510 2644 609 2694 τελείαν
628 2639 736 2712 στιγμήν
751 2649 810 2696 aute
828 2641 892 2694 baec
909 2644 996 2696 rerba.
1032 2645 1168 2697 Pertinent

37 2715 107 2765 enirn
124 2712 189 2766 baec
206 2716 290 2768 omniu
306 2716 341 2768 od
358 2716 498 2768 secundum
517 2715 627 2768 docendi
645 2721 763 2780 etymon:
792 2731 849 2768 uam
868 2715 964 2766 ducere
983 2722 1010 2768 et
1028 2716 1081 2768 dux
1098 2717 1167 2768 unde
1185 2740 1188 2747 ¹

37 2784 141 2836 dicatur
162 2787 307 2855 explicare,
335 2803 419 2852 neque
436 2785 511 2838 buius
536 2787 586 2838 toci
611 2791 679 2852 eret,
704 2803 788 2854 neque
806 2785 1025 2856 verbaverronie
1050 2803 1082 2839 eo
1101 2787 1167 2840 trabi

37 2861 155 2922 possunt.
268 2858 325 2929 qur]
345 2861 411 2911 coni.
449 2857 520 2928 qnod
537 2858 620 2911 codd.¹
649 2859 682 2910 V.
702 2857 735 2912 de
753 2855 902 2911 contorsione
920 2856 1010 2911 barum
1028 2857 1167 2911 formarum

39 2927 182 2980 Praefatio.
306 2930 410 2996 ducere]
429 2945 471 2995 vg.
508 2928 606 2981 dacore
624 2929 698 2982 codd.
830 2927 939 2994 discere]
958 2930 1075 2980 Venetae
1093 2929 1166 2981 editt.

40 2997 130 3048 docere
147 2996 222 3050 codd.
336 2999 501 3068 disciplino']
518 3001 584 3053 Post
601 2997 663 3054 [ιν.
692 2999 790 3057 discere
808 2999 833 3052 iu
852 2998 926 3051 codd.
946 3004 999 3064 est,
1025 3000 1110 3065 quod,
1134 2999 1168 3050 cd

40 3069 226 3122 emendandum
243 3069 393 3122 mendosum
417 3071 480 3123 ittud
504 3069 608 3126 docere,
635 3070 705 3136 quod
731 3069 808 3122 modo
825 3070 1035 3136 memoravimus,
1058 3071 1168 3138 margini

40 3140 212 3209 adscriptum,
238 3140 331 3194 deinde
348 3143 374 3194 in
392 3143 535 3196 orationem
553 3143 675 3196 Varronis
693 3142 827 3210 irrepsisse
844 3140 953 3194 videtur.

150 3252 203 3320 63.
229 3257 312 3335 curb']
329 3287 372 3336 vg.
409 3279 436 3320 et
454 3269 529 3322 codd.
639 3264 845 3336 praepositione]
856 3266 951 3323 (tttab.
989 3267 1168 3338 propositione

40 3342 69 3393 F.
89 3329 193 3395 ‘Hincr
220 3358 235 3390 e
249 3341 428 3408 propositione
449 3339 570 3410 putandi
587 3341 689 3393 coniicit
706 3339 869 3409 Spengeiius.
1000 3355 1018 3388 a
1031 3337 1168 3407 putando]

41 3429 80 3480 vg.
114 3410 236 3484 putandi
254 3411 329 3467 codd.

153 3517 206 3581 64.
230 3526 348 3593 disserit]
366 3529 479 3581 notabile
496 3529 523 3580 tn
541 3527 658 3582 omnibus
682 3526 819 3594 inquinetis
841 3526 958 3579 lectionis
976 3525 1088 3578 tontibus
1112 3523 1136 3576 b.
1151 3526 1168 3577 Ι.

44 3620 80 3656 vv.
99 3603 130 3654 in
144 3621 223 3654 areos
241 3600 355 3667 reperiri,
373 3603 473 3654 scilicet
490 3616 523 3652 ex
540 3600 706 3666 sequentibus
719 3615 807 3660 errore
822 3600 960 3660 translata3
978 3597 1069 3649 deesse
1081 3602 1169 3647 cutem

43 3677 67 3726 iu
84 3675 203 3728 omnibus
221 3672 293 3724 libris
310 3672 355 3722 ilia
373 3671 430 3724 iube
448 3671 602 3725 carentibus.
724 3667 906 3733 translatitio]
925 3684 968 3734 vg.
1005 3665 1119 3719 tralatio
1136 3667 1187 3728 F„
1283 3733 1285 3738 ,

45 3745 188 3798 translatio
206 3743 267 3796 GH.
304 3740 431 3794 tractatio
449 3759 473 3795 a.
510 3741 657 3794 translacio
671 3741 696 3794 b.
734 3741 774 3792 (ii.
792 3739 858 3790 inira
875 3741 899 3803 ἓ.
912 3743 954 3790 tc.
1068 3737 1168 3802 oratio]

44 3831 81 3884 rg.
120 3816 193 3868 ratio
211 3813 285 3868 codd.
451 3831 484 3863 ex
501 3812 559 3866 iare
577 3829 684 3864 monum
703 3809 862 3876 consertum]
886 3809 960 3862 Haec
983 3823 1034 3860 non
1052 3806 1168 3875 habenda

45 3895 100 3940 sunt
118 3905 166 3957 pro
184 3893 258 3957 perte
279 3882 399 3936 versiculi
415 3882 540 3950 Enniani,
567 3887 638 3937 cuius
656 3883 750 3935 scimus
769 3881 849 3932 fuisse
866 3879 933 3932 bunc
951 3888 1081 3946 tenorem:
1108 3879 1170 3929 Non

45 3977 73 4007 ex
90 3959 149 4010 iare
169 3973 276 4009 manum
294 3963 459 4007 consertum,
481 3956 530 4006 sed
546 3956 632 4026 magis
645 3954 723 4024 ferro
741 3970 795 4002 rem
813 3961 937 4019 repetant
955 3951 1037 4018 (apud
1055 3951 1169 4002 Gellium

46 4029 101 4096 XX,
120 4035 162 4082 10.
178 4031 236 4083 coil.
252 4026 378 4078 Cicerone
395 4027 426 4076 ad
446 4027 655 4092 tamit.vl1‚1³.
686 4023 762 4076 Ennii
781 4023 924 4090 fragmenta
942 4041 967 4092 p.
978 4027 1022 4074 80.
1041 4021 1168 4087 flesset).

47 4102 97 4153 Sed
115 4102 148 4154 de
164 4104 221 4170 ipsa
238 4099 348 4150 formula
361 4098 422 4149 iuris
440 4099 523 4152 Varro
541 4099 669 4165 loquitur,
696 4102 853 4161 quaeerit:
881 4093 941 4144 inde
960 4092 997 4142 ibi
1014 4111 1061 4162 ego
1086 4102 1113 4142 te
1136 4109 1169 4142 ex
1232 4115 1234 4120 .

46 4171 100 4222 iure
124 4190 231 4224 monam
255 4176 403 4220 consertum
428 4187 491 4219 voco
517 4169 554 4236 (i.
570 4185 593 4223 e.
611 4169 644 4220 ad
662 4183 765 4219 manum
782 4165 988 4232 conserendam).
1034 4164 1066 4216 V.
1084 4165 1168 4220 Cicer.

47 4259 91 4310 pro
108 4245 140 4298 L.
156 4245 265 4298 Murena
283 4243 333 4302 12,
350 4243 401 4292 26.
420 4240 453 4292 de
471 4241 544 4292 Oret.
565 4241 592 4304 1,
611 4244 655 4305 lo,
673 4243 716 4290 41.
884 4235 1003 4299 manum]
1022 4236 1168 4301 Scioppius.

48 4333 122 4368 mauu
142 4317 216 4370 codd.
264 4311 331 4363 Illud
355 4318 395 4364 est
418 4313 486 4380 apud
510 4311 638 4376 Gellium,
664 4317 692 4363 et
709 4309 777 4378 apud
796 4309 879 4362 Cicer.
899 4309 931 4360 ad
951 4307 1028 4360 inurit.
1048 4305 1106 4370 vll,
1127 4309 1169 4361 13.

667 4409 835 4496 ιγ.
