2874 4804
468 223 506 324 3.
536 240 559 318 9
587 267 636 280 -
664 205 739 306 15!
837 322 839 334 1
1077 222 1157 298 aaa

38 411 95 484 12.
133 411 224 496 Nam
249 409 351 486 debet
380 437 457 484 esse
490 438 619 502 unum,
656 421 696 482 ut
725 407 870 482 verbum
903 410 1032 506 verbo,
1068 413 1218 508 audeas-1

38 513 241 606 declinetur,
261 516 321 594 ,sit
352 513 463 587 simile
475 541 486 607 3
528 513 675 584 alterum
701 523 741 585 ut
765 539 785 584 e
810 511 917 585 verbo
947 515 985 584 in
1016 514 1162 590 verbum

37 615 229 708 declinatio,
256 615 302 688 ad
327 641 434 713 quam
458 614 675 704 conseratur,
702 613 959 688 eiusdemmodi
978 619 1045 714 sit,
1076 618 1162 692 alias

36 715 194 798 animab
228 717 397 791 similibus
430 715 547 790 verbis
582 716 740 788 similiter
774 716 1013 813 declinantur,
1051 730 1090 792 ut
1115 717 1161 795 'ah

35 817 144 913 herus,
174 818 282 914 ferus,
310 817 409 912 hero,
436 819 531 893 fero:
561 818 646 891 alias
669 817 878 892 dissimiliter
903 819 1023 914 herus,
1049 821 1160 914 ferus,

35 919 123 1011 lreri,
159 921 286 995 feram.
347 922 466 1014 Quom
499 915 685 1017 utrumque
717 932 753 994 'et
782 919 927 994 verbum
960 922 1068 996 verbo
1098 927 1165 998 erit

34 1022 137 1096 simile
174 1035 209 1096 et
245 1022 429 1098 declinatio
469 1022 716 1116 declinationi,
755 1021 830 1095 tum
865 1022 1013 1120 denique
1050 1025 1165 1099 dicam

34 1149 102 1196 csse
133 1125 266 1219 simile,
313 1153 356 1199 ac
394 1125 569 1223 duplicem
608 1136 643 1198 et
676 1125 868 1224 perfectam
905 1126 1165 1200 similitudinem

34 1222 178 1321 habere,
211 1228 248 1300 id
273 1229 368 1326 quod
392 1227 547 1326 postulat
571 1225 744 1327 analogia.

129 1353 195 1428 15.
237 1357 311 1430 Sed
343 1384 387 1430 ne
420 1359 566 1430 astutius
599 1357 719 1429 videar
750 1359 911 1455 posuisse
937 1355 1008 1430 dno
1037 1383 1164 1458 genera

34 1481 101 1530 esse
127 1458 390 1531 similitudinum
413 1459 509 1550 sola,
549 1484 630 1530 cum
659 1461 843 1559 utriusque
877 1461 1058 1533 inferiores
1086 1487 1164 1557 spe·

35 1559 100 1630 cies
124 1563 194 1632 sint
216 1561 354 1657 plures,
384 1562 479 1634 side
505 1560 560 1632 his
586 1563 776 1651 retinuero,
805 1573 844 1634 ut
863 1563 949 1634 milri
970 1562 1165 1660 relinquam

32 1658 204 1732 latebras:
247 1655 399 1761 repetam
435 1662 479 1735 ab
513 1664 647 1760 origine
677 1663 962 1754 similitudinum,
1005 1689 1094 1760 quae
1128 1664 1165 1735 in

32 1761 247 1835 conferendis
280 1764 397 1838 verbis
416 1777 474 1838 'et'
497 1767 535 1838 in
568 1764 782 1838 declinandis
808 1765 1004 1865 sequendae
1029 1777 1090 1838 aut
1112 1767 1167 1837 vi-

33 1863 153 1934 tandae
177 1866 259 1936 sint.

129 1972 194 2047 ld.
235 1977 358 2048 Prima
393 1975 516 2050 divisio
549 1979 586 2050 in
618 1979 793 2070 oratione,
833 1978 927 2075 quod
958 1979 1026 2050 alia
1058 1977 1164 2050 verba
1263 2044 1265 2049 ,

36 2101 202 2174 nusquam
228 2077 446 2151 declinantur
470 2091 510 2152 ut
534 2079 641 2172 haec,
677 2081 773 2172 vix,
809 2107 926 2172 mox,
962 2081 1030 2152 alia
1057 2079 1224 2152 decli-ru

33 2191 166 2271 nentur,
190 2190 229 2251 ut
251 2177 295 2250 ala
319 2180 428 2255 limo
452 2180 595 2272 limabo,
625 2193 650 2252 a'
671 2179 769 2254 1333
791 2181 957 2276 ferebam,
985 2195 1019 2255 et
1041 2207 1222 2281 quemme]

34 2281 94 2350 nisi
127 2283 165 2351 in
200 2278 270 2354 his
286 2281 401 2355 verbis
435 2308 524 2379 quae
559 2283 799 2374 declinantur,
843 2311 914 2356 non
947 2286 1057 2382 possit
1088 2301 1163 2358 esse

34 2382 209 2482 analogia,
255 2385 315 2480 qai
350 2382 434 2455 dicit
464 2385 575 2457 simile
607 2409 683 2456 esse
717 2408 802 2455 uox
834 2395 869 2457 et
900 2410 1019 2477 mox,
1055 2397 1160 2476 errat,

35 2485 121 2578 quad
147 2510 219 2557 non
243 2496 297 2583 est
321 2484 475 2558 eiusdem
509 2488 644 2586 generis
670 2495 856 2581 utrumque
881 2484 1048 2580 verbum,
1084 2511 1164 2558 cum

35 2609 97 2656 nox
128 2586 331 2660 succedere¹
348 2587 471 2661 debeat
495 2587 560 2662 sub
588 2614 731 2664 casuum
759 2589 913 2683 ratione,
944 2614 1026 2661 mox
1051 2614 1164 2689 neque

35 2684 149 2772 debeat
175 2683 289 2786 neque
314 2692 437 2787 possit.

128 2808 196 2883 15.
236 2809 399 2906 Secunda
425 2809 550 2884 divisio
575 2824 628 2885 est
652 2811 696 2885 de
720 2811 774 2884 his
797 2810 913 2886 verbis
937 2821 1027 2908 quae
1057 2809 1162 2884 decli·

35 2912 103 2983 nari
125 2923 296 3011 possunt,
325 2910 421 3009 quod
440 2914 508 2984 3113
523 2926 613 2986 sunt
635 2941 654 2986 3
678 2914 867 3006 voluntate,
896 2913 963 2984 alia
983 2939 1004 2984 a
1024 2923 1159 2985 natura.

35 3009 254 3087 Voluntatem
287 3013 444 3110 appello,
488 3040 595 3111 quom
627 3019 833 3112 unusquivis
871 3041 892 3084 3
926 3015 1064 3086 nomine
1095 3014 1164 3086 alio

34 3113 173 3213 imponit
200 3120 351 3207 nomen,
386 3125 425 3185 ut
455 3116 629 3188 Romulus
662 3119 809 3190 Romae.
871 3117 1040 3188 Naturam
1066 3114 1160 3209 dico,

36 3238 133 3310 quam
167 3219 320 3290 universi
353 3229 534 3314 acceptum
566 3245 693 3291 nonaen
722 3217 766 3290 ab
798 3244 860 3311 eo,
895 3219 956 3317 qui
981 3219 1159 3314 imposuit,

35 3341 98 3390 non
131 3321 341 3416 requirimus
374 3318 663 3415 quemadmodum
698 3323 729 3392 is
745 3321 844 3393 uelit
877 3319 1062 3411 declinari,
1101 3317 1163 3390 sed

34 3417 94 3516 ipsi
117 3420 351 3514 declinamus,
386 3432 426 3492 ut
449 3421 552 3494 huius
577 3425 734 3516 Romae,
769 3421 861 3495 hauc
886 3423 1057 3513 Romam,
1094 3419 1161 3490 hac

98 3641 116 3681 ,·
141 3608 192 3673 12.
219 3623 388 3695 conseratur]
402 3643 444 3694 vg.
481 3625 706 3697 consereturFG.
735 3623 874 3694 confertur
886 3623 921 3676 H.
954 3621 1121 3692 conferretur
1138 3641 1162 3676 3.

34 3705 82 3742 esse
99 3693 196 3762 simile]
214 3713 238 3749 3.
263 3698 333 3762 quod
351 3700 419 3753 3331.
438 3707 573 3752 assecutus
594 3705 650 3753 crat
668 3699 791 3766 Spengel.
817 3713 889 3747 *esse
912 3693 1021 3746 similem
1040 3701 1102 3748 cett.

138 3793 190 3860 13.
218 3809 248 3862 in
265 3804 441 3873 declinandis]
459 3809 494 3860 G.
530 3806 692 3859 inclinandis
709 3811 771 3858 cett.

144 3910 194 3976 14.
219 3923 292 3991 limo]
308 3918 356 3992 ag.
392 3923 457 3974 lima
476 3923 553 3976 codd.
675 3939 728 3974 nox
746 3929 772 3971 et
792 3918 863 3985 mox]
882 3917 942 3970 GH.
971 3935 1049 3968 -mox
1066 3927 1093 3968 et
1110 3936 1162 3968 nox

36 3997 91 4046 cett.
204 3997 318 4064 ratione]
334 3995 397 4049 Hoc
416 3997 535 4062 exemplo
554 3992 658 4046 delendi
677 3994 758 4062 possit
775 3991 884 4043 mutatio
902 3991 1040 4042 accusativi
1056 3987 1162 4040 nornine

36 4061 57 4111 in
75 4065 212 4122 ablativum
230 4067 332 4119 nomina
351 4068 409 4120 loeo
425 4067 559 4134 superiore
570 4065 642 4132 vlll,
654 4070 697 4118 83.
727 4061 781 4118 Sed
801 4063 957 4116 contrarium
973 4066 1045 4112 extat
1058 4061 1105 4127 lx,
1118 4067 1161 4112 aa.

141 4170 192 4235 15.
220 4201 239 4234 α
256 4181 409 4249 voluntate]
428 4181 460 4235 31.
481 4181 559 4243 Vlll,
576 4183 621 4234 21.
752 4175 818 4243 alio]
837 4175 909 4226 oliae
926 4175 1005 4230 GHa.
1041 4176 1162 4229 Fortasse

37 4249 85 4304 alio
102 4255 241 4308 aetaliae.
278 4255 319 4308 cf.
337 4269 395 4306 ann.
413 4253 446 4308 ad
464 4252 517 4316 lx,
535 4256 579 4304 61.
748 4247 858 4316 Romae]
877 4248 953 4301 GHa.
996 4250 1082 4301 Roma
1099 4254 1160 4301 cett.

38 4324 171 4407 rationem]
189 4343 230 4396 vg.
266 4323 413 4380 orationem
430 4325 505 4377 codd.
