2890 4820
253 265 304 338 12
638 290 758 336 trouu
790 285 983 348 orturus.

253 476 332 525 cum
363 455 409 544 it,
445 449 600 544 ambit,
650 459 685 523 ct
716 452 777 548 qui
810 449 908 521 aliter
933 448 1037 540 lacit,
1080 445 1304 546 indagabili³s
1337 475 1380 522 er

252 553 383 626 ambitu
415 577 554 625 oausam
583 553 678 624 dicit.
733 553 855 649 ltaque
887 549 1077 622 Tiberis
1112 552 1250 620 amnis
1283 552 1380 647 quod

251 655 358 728 ambit
383 657 550 729 Martium
577 679 736 751 eampum
766 666 802 724 et
825 651 970 724 Urbem.
1024 651 1203 750 Oppidum
1236 652 1380 724 luter-

220 831 222 845 ,
251 784 375 828 amna
410 757 565 847 dictum,
617 754 712 853 quod
747 756 836 826 inter
870 755 1001 825 amncis
1039 765 1090 824 cst
1128 755 1377 846 coustitutum,

205 879 239 946 εξ
252 862 331 930 item
357 856 623 948 Antemnae,
650 855 746 954 quod
767 867 845 928 ante
866 858 994 946 amnis,
1031 857 1092 952 qui
1117 851 1237 947 Anio,
1264 855 1380 926 inlluit

249 963 286 1031 in
299 959 476 1032 Tiberim:
505 959 600 1058 quod
620 959 712 1030 bello
731 958 819 1029 male
838 971 1017 1055 acceptum
1034 959 1225 1030 consenuit.
1306 954 1375 1028 29.

177 1058 437 1139 (1³)Tiberis
471 1062 566 1159 quod
599 1072 703 1159 caput
734 1073 830 1132 extra
862 1059 1026 1153 Latium,
1072 1061 1101 1130 si
1139 1057 1219 1130 iude
1252 1085 1379 1130 nomen

155 1243 157 1254 ,
249 1189 386 1262 quoque
411 1163 530 1236 cxlluit
561 1165 598 1234 in
623 1163 776 1260 linguam
801 1173 974 1251 nostram,
1011 1160 1098 1233 nihil
1124 1159 1169 1231 od
1194 1159 1377 1256 ἑτυμολό-
1431 1223 1432 1230 ,

248 1295 316 1360 γον
341 1267 528 1360 Latinum3
563 1276 604 1336 ut
626 1263 720 1361 quod
742 1265 852 1335 oritur
871 1290 913 1334 ex
939 1263 1083 1336 Samnio
1103 1261 1373 1354 Volturnus,
1431 1261 1432 1298 ³

246 1366 333 1438 nihil
355 1367 400 1439 ad
415 1367 575 1437 Latinam
593 1366 769 1462 linguam3
797 1375 844 1456 at,
873 1363 967 1461 quod
988 1390 1195 1461 proxumum
1210 1362 1376 1462 oppidum

246 1468 290 1540 ab
317 1495 358 1541 eo
383 1468 573 1540 secundum
599 1492 693 1537 mare
718 1465 1013 1556 Volturnum,
1051 1477 1092 1536 ut
1122 1465 1167 1537 ad
1198 1492 1263 1537 nos
1290 1467 1373 1556 iam,

245 1582 285 1642 ut
309 1571 474 1642 Latinum
494 1566 722 1640 vocabulum:
760 1569 808 1639 ita
834 1567 1086 1639 Tiberinus
1110 1569 1312 1661 nostrum‘3
1342 1578 1377 1638 et

247 1671 381 1756 colonia
417 1672 509 1742 enim
549 1680 669 1742 nostra
702 1667 937 1760 Volturnum,
979 1680 1014 1741 et
1050 1669 1135 1740 deus
1170 1669 1372 1742 Tiberinus.

206 1771 318 1844 1³50.
356 1771 429 1845 Sed
460 1771 503 1842 de
537 1771 721 1843 Tiberis
751 1771 890 1841 nomine
919 1773 1047 1869 anceps
1078 1770 1246 1863 historia;
1293 1797 1374 1841 nam
1431 1789 1432 1856 l

207 1896 350 1964 ffisnum
372 1876 534 1965 Etruria,
567 1885 602 1946 et
623 1873 763 1944 Latium
788 1898 889 1943 suum
914 1897 991 1944 esse
1017 1872 1145 1965 eredit,
1179 1873 1274 1969 quod
1299 1872 1372 1944 fue·
1431 1921 1432 1928 .

238 1989 325 2049 ,runt
354 1979 416 2074 qui
447 1974 491 2046 ab
525 1975 661 2049 Thebri
694 1975 810 2047 vicino
842 1973 963 2074 regulo
995 1976 1181 2049 Veientum
1213 1975 1374 2046 dixerunt
1431 1967 1432 2006 ³

241 2162 310 2228 it]a.
329 2169 359 2214 ut
376 2163 436 2228 vid,
455 2169 483 2215 ut
500 2180 542 2230 vg.
571 2163 601 2214 id
613 2163 687 2216 codd.
776 2159 962 2231 indagabilifl
973 2163 1047 2215 codd.
1073 2162 1126 2215 Sed
1142 2160 1202 2214 nihil
1217 2163 1371 2228 cormptius.

240 2231 313 2286 Inter
329 2235 379 2286 alia
397 2237 507 2302 proponi
524 2241 641 2303 poterat:
662 2235 846 2302 interrogatus
865 2233 921 2304 lege
940 2233 1074 2293 ambitum
1098 2240 1127 2286 ut
1141 2234 1209 2302 apud
1221 2235 1371 2286 Sallustium

241 2311 295 2358 cst:
321 2305 486 2374 interrogare
505 2307 621 2376 aliquem
638 2303 741 2373 legibus
759 2303 887 2356 ambitus.
921 2305 961 2356 lta
979 2305 1061 2355 aliter
1076 2305 1153 2374 facit
1178 2305 1283 2373 perinde
1302 2311 1372 2356 esset

239 2390 272 2428 ao
290 2378 312 2428 si
331 2377 452 2430 dixisset:
479 2379 523 2445 qui
540 2395 591 2431 uon
616 2384 713 2429 tantum
738 2379 860 2445 populum
879 2377 1010 2441 circumit,
1041 2377 1087 2429 sed
1105 2377 1224 2428 sodalitia
1242 2375 1371 2439 conducit,
1408 2383 1411 2394 '

241 2455 268 2500 ct
283 2450 383 2500 slmilia.
498 2449 546 2519 qui
562 2449 646 2514 Anio]
665 2451 730 2500 coni.
749 2449 911 2516 Spengelius.
948 2458 1050 2520 quanto
1068 2449 1144 2504 codd.
1179 2448 1208 2500 In
1227 2447 1370 2500 omittendo

240 2521 320 2572 verbo
337 2521 495 2572 substantivo
510 2537 603 2588 magna
622 2527 661 2572 est
679 2523 801 2573 Varronis
827 2521 937 2572 licentia.
981 2520 1020 2572 Cf.
1040 2523 1120 2584 §.aa
1139 2536 1222 2592 neque
1237 2519 1258 2568 ii
1274 2522 1371 2570 Samo-
1431 2553 1432 2572 ι

240 2591 347 2642 thraces
366 2591 422 2647 dei,
441 2591 494 2662 qui'
506 2595 601 2643 Castor
618 2602 645 2640 et
663 2591 778 2657 Pollux,
797 2598 823 2643 et
842 2593 932 2642 similia
948 2607 1035 2658 saepe.

353 2685 404 2748 29.
430 2697 469 2747 ad
484 2693 647 2763 ἐτυμολὸγον]
667 2695 705 2746 ud
722 2698 788 2750 coni.
807 2697 900 2750 addidi.
937 2699 1064 2750 Graecam
1082 2713 1172 2748 vocem
1191 2699 1261 2750 solus
1279 2713 1368 2750 serva·

239 2771 277 2822 vit
294 2770 324 2822 F.
438 2770 480 2836 at]
493 2787 536 2836 vg.
563 2767 601 2818 ad
618 2767 692 2819 codd.
803 2771 971 2838 proxumum]
986 2786 1192 2838 proxumumum
1207 2771 1240 2820 G.
1272 2771 1369 2838 proxi-

239 2859 310 2892 mum
336 2847 396 2894 cett.
529 2848 561 2889 ut
586 2838 623 2887 od
646 2837 704 2905 nos]
724 2847 756 2887 ut
774 2841 840 2892 coni.
858 2840 952 2892 addidi.
999 2841 1163 2892 Constructio
1187 2841 1277 2893 eadem
1301 2857 1367 2906 quae

154 2945 156 2951 ι
238 2929 317 2979 saepe
336 2913 362 2964 iu
380 2911 496 2963 Varrone
514 2911 679 2962 observatur..
716 2909 880 2977 Praeponerc
904 2914 971 2966 solet
995 2912 1101 2966 relativa
1119 2911 1233 2962 membra
1250 2914 1281 2964 iis
1297 2913 1366 2964 unde

238 2984 359 3054 pendent,
378 2989 407 3034 ut
424 2984 450 3034 in
468 2981 507 3035 llis
522 2983 597 3050 ipsis:
619 2979 720 3031 Tiberis
738 2981 810 3056 quod
826 2993 908 3049 caput
926 2993 1005 3033 extra
1018 2983 1138 3036 Latium,
1154 2983 1178 3033 ei
1195 2981 1255 3034 inde
1273 3002 1367 3034 nomen

238 3049 341 3126 quoque
360 3055 455 3122 cleuit
473 3054 502 3104 in
517 3053 637 3123 linguam
655 3063 782 3104 nostram.
802 3069 827 3106 v.
847 3053 924 3118 Vlll,
940 3059 966 3106 3.
991 3053 1044 3120 lX,
1065 3057 1090 3104 3.
1108 3057 1152 3106 69.
1234 3063 1267 3103 ut
1285 3057 1365 3104 Lati-

237 3125 312 3191 num]
331 3127 397 3176 coni.
433 3125 471 3174 acl
486 3125 616 3176 Latinum
634 3123 708 3178 codd.
821 3124 875 3190 ita]
893 3127 959 3178 coni.
996 3135 1028 3176 ut
1046 3125 1120 3176 codd.
1232 3128 1364 3192 nostrum]

238 3197 304 3250 coni.
334 3195 408 3247 codd.
425 3213 485 3258 non,
503 3197 571 3262 quod
589 3213 605 3246 a
623 3193 774 3262 compendio
792 3211 861 3247 nrm
880 3213 937 3248 curn
957 3197 1051 3250 lineola
1068 3213 1146 3264 supra
1163 3197 1263 3250 literam
1281 3213 1294 3248 r
1312 3214 1363 3249 uon

237 3267 344 3320 multum
363 3267 448 3318 distat.
565 3265 738 3331 Volturnum]
757 3281 811 3332 vg..
839 3267 987 3320 Volturnus
1006 3267 1080 3320 codd.

348 3349 401 3415 30.
427 3361 473 3428 ab]
491 3361 566 3413 codd.
586 3363 634 3414 nisi
651 3363 718 3428 quod
737 3381 760 3415 a.
779 3363 856 3418 habet
873 3383 899 3418 u.
935 3365 1002 3418 Item
1020 3366 1052 3428 V,
1070 3369 1115 3418 71.
1129 3361 1164 3412 ab
1184 3362 1289 3428 Tiberi,
1303 3369 1361 3418 137.

237 3434 272 3486 ab
290 3433 374 3489 rer'ra.
401 3440 461 3488 169.
479 3431 627 3484 adtribue.
662 3434 712 3497 Vl,
733 3439 775 3487 14.
794 3435 827 3486 ab
849 3436 1016 3486 Tusculanis.
1040 3433 1093 3499 lX',
1111 3440 1154 3486 81.
1173 3433 1208 3484 ab
1225 3435 1362 3488 tremidus.
1431 3459 1432 3464 ¹

237 3509 338 3561 Vereor
354 3525 386 3562 ne
406 3505 443 3558 liis
461 3505 578 3556 omnibus
597 3504 660 3555 locis
679 3503 726 3553 ads
746 3507 889 3572 ponendum
908 3509 956 3572 sit,
981 3523 1123 3574 quanquam
1143 3506 1168 3559 id
1187 3522 1219 3557 eo
1237 3512 1361 3574 tempore,

237 3580 364 3632 Cicerone
389 3585 469 3642 teste,
493 3582 592 3629 tantum
616 3577 642 3626 in
663 3578 763 3642 accepti
787 3579 881 3629 tabulis
906 3579 1032 3638 manebat.
1082 3577 1148 3628 Nam
1168 3579 1251 3630 Varro
1269 3578 1294 3627 in
1314 3593 1361 3629 usu

237 3649 327 3702 harum
346 3653 498 3713 formarum,
517 3648 560 3698 ubi
580 3646 703 3698 vocabula
717 3647 842 3699 disiuncta
861 3655 968 3712 coeunt,
992 3649 1094 3700 easdem
1114 3649 1167 3700 lere
1186 3649 1258 3714 leges
1270 3648 1360 3700 obser-

185 3753 187 3758 ι
237 3737 311 3773 rasse
328 3723 442 3786 videtur,
468 3735 531 3786 quas
550 3720 638 3784 lingua
652 3717 744 3768 Latina
760 3719 786 3769 in
804 3719 985 3786 componendis
1003 3721 1141 3772 vocabulis.
1179 3720 1308 3774 Quocirca
1327 3717 1360 3768 ab

238 3800 342 3860 praeter
369 3795 471 3844 vocales
496 3792 573 3842 etlam
600 3789 707 3856 liquidas
733 3788 744 3837 l
765 3796 792 3843 et
815 3809 828 3840 r
854 3797 880 3844 et
904 3791 1047 3844 sibilantem
1072 3810 1086 3840 s
1110 3791 1262 3842 antecedere
1286 3793 1360 3855 solet,

208 3869 210 3875 '
237 3862 272 3912 ud
291 3863 361 3926 lacu,
380 3861 413 3912 ab
431 3862 496 3917 ritu,
514 3859 548 3908 ob
565 3878 620 3924 sue,
640 3867 669 3912 ut
687 3861 779 3913 dicitur
797 3862 890 3928 ablego
910 3867 936 3912 et
956 3864 1079 3930 abrumpo
1098 3867 1123 3912 et
1141 3861 1360 3915 obsisteremus

237 3951 296 3986 cum
314 3953 332 3984 n
350 3934 478 4000 iungitur,
501 3948 628 3996 nunquam
647 3949 704 3984 eum
723 3951 762 3988 m.
788 3933 834 3986 sed
859 3933 952 3985 dicitur
978 3952 995 3982 o
1018 3931 1214 4002 pinguitudine,
1241 3951 1259 3982 α
1277 3952 1360 3987 usuro.

236 4013 266 4060 ut
283 4021 397 4059 amoveo.
435 4003 618 4056 intermedias
637 4002 655 4052 d
671 4019 749 4070 saepe
767 4021 782 4054 a
800 4005 916 4057 Varrone
934 4006 1100 4060 committitur
1118 4019 1176 4053 cum
1194 4001 1243 4060 ab,
1261 4003 1295 4053 ab
1315 4005 1361 4052 de-

236 4095 305 4138 cem,
324 4075 358 4126 ab
376 4074 442 4131 diis,
466 4081 495 4126 ut
511 4075 537 4125 in
555 4074 622 4125 abdo
641 4081 667 4126 et
685 4075 784 4127 abdico.
821 4077 874 4128 Sed
893 4082 922 4128 ut
939 4075 1045 4129 abtralio
1063 4081 1090 4128 et
1107 4074 1226 4128 abterreo
1243 4091 1294 4128 uon
1313 4075 1359 4126 ad-

161 4206 166 4210 ,
233 4151 344 4201 missum·
365 4155 404 4199 est
429 4145 506 4215 (puto
524 4146 583 4211 quia
602 4141 616 4192 l>
634 4152 693 4200 ante
711 4155 723 4194 t
741 4147 931 4214 pronunciando
949 4167 967 4216 p
985 4150 1071 4210 tieret,
1102 4149 1128 4196 et
1146 4148 1302 4212 praepositio
1320 4148 1359 4198 ab

234 4221 298 4272 lianc
322 4219 488 4271 mutationem
514 4215 638 4282 refugio:
667 4219 702 4268 ita
727 4217 786 4268 milri
812 4221 967 4285 persuadere
984 4237 1034 4271 non
1055 4233 1172 4282 possum,
1199 4217 1233 4267 ab
1252 4227 1360 4268 terrun

233 4293 349 4343 Varrone
366 4291 489 4358 scriptum
507 4304 579 4351 esse,
599 4288 644 4339 sed
663 4287 711 4337 alu
729 4297 802 4339 reric
820 4291 886 4342 sicut
904 4293 949 4342 alis
967 4297 1001 4343 te.
1040 4289 1131 4340 Forma
1150 4307 1179 4352 a,
1198 4305 1254 4341 cunr
1273 4291 1359 4354 lingua

233 4369 382 4416 senescente
400 4363 481 4429 magis
498 4361 669 4424 evalesceret,
687 4375 763 4426 saepe
780 4377 828 4430 pro
843 4365 985 4432 antiquiore
1004 4362 1041 4413 ab
1060 4360 1145 4430 posita
1163 4367 1210 4415 est.
1245 4361 1290 4413 Sic
1307 4378 1358 4429 quo
