2874 4804
255 255 340 332 2⁷4
655 274 984 326 sarriunturuu

368 445 428 528 71,
453 464 480 513 2.
502 429 552 529 per
667 462 694 513 4.
711 462 737 510 5.
758 453 898 526 tyberinus
915 472 933 504 a
952 451 1041 522 tyberi
1154 459 1181 508 5.
1200 451 1235 504 ab
1253 469 1301 508 om.
1324 427 1328 442 Ι
1359 468 1387 507 et

253 563 272 600 a
290 545 416 617 impleas

363 651 425 729 72,
453 667 479 718 4.
503 660 613 714 Solaria
727 665 753 714 6.
773 661 856 736 vendo

339 759 598 852 Ι73,6.α1ιοιιι.
671 743 764 855 virius
776 803 795 837 a
872 792 899 840 7,
917 786 1064 838 bonusest
1082 752 1175 839 honos·
1246 790 1273 840 9.
1292 785 1391 838 litteris

329 941 332 948 ·
363 908 423 990 74,
447 931 474 980 5.
493 921 617 987 mallent,
635 919 681 974 aed
700 922 726 974 in
743 937 825 988 marg.
844 921 924 973 olent.
981 927 985 936 '
1020 922 1088 988 tatij
1183 925 1209 972 7.
1227 929 1255 970 et
1277 920 1392 972 Volcano

252 1017 277 1064 9.
295 1021 430 1066 vertunno
543 1017 587 1066 11.
606 1019 690 1062 natae
707 1010 819 1070 suntin
946 1016 989 1065 1³.
1010 1012 1100 1066 dictus
1116 1029 1176 1065 esse·
1288 1022 1316 1062 et
1333 1021 1392 1081 post

252 1098 350 1158 danae
367 1112 418 1150 om.

264 1259 267 1270 .
363 1210 425 1290 75,
452 1229 477 1278 1.
502 1219 662 1275 immortalis
776 1227 802 1277 2.
823 1223 950 1276 mortales
1063 1229 1089 1278 3.
1107 1224 1180 1296 quod
1195 1242 1270 1277 mare
1287 1227 1316 1278 in
1333 1246 1391 1280 aere

251 1319 276 1369 4.
294 1313 393 1386 fimam
507 1319 533 1367 6.
553 1315 613 1367 dein
629 1314 746 1387 geratim
856 1313 987 1385 pleraque
1100 1319 1126 1367 7.
1143 1315 1257 1369 irrundo

232 1412 611 1518 ·*76‚2.1uuiola
726 1457 753 1504 5.
777 1445 891 1502 allatam
1004 1453 1030 1500 7.
1049 1448 1144 1502 volitet
1259 1458 1302 1509 10,
1315 1454 1391 1524 fiune

363 1573 426 1652 ll,
450 1592 478 1642 5.
497 1569 577 1641 o⁰reon
666 1595 693 1645 7.
711 1585 853 1642 colloribus
930 1587 958 1638 9.
978 1582 1114 1646 conchiliis
1202 1591 1246 1641 10.
1265 1588 1393 1642 ecbinnus

363 1707 579 1786 lss‚1.terra
691 1729 719 1782 2,
737 1730 838 1776 exeunt
951 1724 978 1774 3.
1003 1719 1161 1775 crocodillus
1276 1729 1303 1780 4.
1321 1731 1347 1780 5.
1365 1725 1392 1778 iu

251 1823 326 1866 terra
342 1822 371 1863 et
387 1829 463 1884 aqua
480 1812 569 1864 vivere
583 1822 700 1882 possunt
812 1818 839 1868 5.
859 1807 997 1896 anfibioea

363 1943 425 2023 79,
450 1962 476 2012 3.
502 1956 598 2038 algedo
730 1956 888 2025 alitionsa
905 1975 959 2012 sec.
978 1975 1013 2011 m.
1033 1957 1121 2011 alcion
1262 1967 1288 2018 4,
1315 1966 1392 2040 loligo

251 2057 278 2107 6.
296 2049 481 2125 quadrupedes
594 2055 621 2103 7.
639 2047 775 2102 subridere
889 2054 915 2102 8.
935 2045 969 2098 ab
987 2057 1112 2137 extrqma

364 2173 427 2252 80,
453 2190 479 2240 2.
500 2202 596 2272 pacare
703 2181 795 2271 febris
907 2189 933 2238 4.
958 2195 991 2238 ut
1008 2185 1111 2240 Accius

365 2309 426 2389 81,
453 2328 479 2376 5.
498 2319 683 2393 conquirerent
792 2323 837 2375 10.
858 2319 887 2372 in
902 2318 1056 2392 (repetitum
1069 2338 1103 2374 ex
1114 2322 1169 2410 pn)
1183 2332 1305 2374 crustum
1319 2324 1392 2377 erino

364 2442 426 2523 83,
451 2461 477 2510 2.
502 2454 613 2508 Sceaola
630 2455 663 2525 Q.
780 2458 805 2508 2.
824 2461 852 2509 3.
871 2451 1010 2507 dicebatur
1122 2463 1149 2512 5.
1167 2457 1281 2528 tyberim
1336 2506 1341 2518 ,

366 2579 426 2658 84,
457 2597 483 2646 2.
503 2590 604 2645 verrat.
705 2595 732 2644 o.
751 2551 850 2643 reaia
862 2591 928 2659 fluo
1027 2597 1054 2646 s.
1067 2591 1184 2664 fourr.
1202 2594 1240 2662 (v.
1254 2594 1393 2666 Arcena.)

249 2685 341 2758 seriae
353 2681 496 2756 furinales

365 2805 426 2885 85,
452 2823 478 2874 4.
496 2829 561 2870 sunt
579 2834 629 2871 om.
744 2821 771 2870 8.
789 2815 825 2867 ab
846 2815 925 2872 [litiis
944 2813 1040 2869 avibus
1058 2833 1110 2870 om.

366 2923 430 3002 86,
456 2939 482 2989 6.
505 2943 532 2985 et
550 2951 621 2986 nunc

367 3044 429 3121 87,
453 3061 480 3112 3.
498 3056 615 3126 oppressi
633 3055 719 3108 bostis

366 3157 427 3236 88,
453 3175 479 3224 2.
498 3181 531 3222 ut
547 3188 600 3226 om.
713 3175 739 3226 4.
756 3172 899 3246 cohorsque
1013 3179 1039 3226 6.
1061 3174 1129 3224 enim
1148 3175 1247 3225 Graece

368 3273 430 3352 89,
455 3291 481 3340 2.
499 3291 525 3340 3.
545 3287 704 3340 taciensium
817 3296 843 3344 7.
862 3288 942 3340 trieri
1056 3294 1083 3344 8.
1102 3289 1282 3343 subsedebant

368 3389 429 3470 90,
454 3408 480 3458 1.
500 3368 559 3454 cum
635 3408 661 3457 4.
679 3403 748 3477 legio
828 3410 853 3458 6.
873 3424 932 3458 cum
1021 3411 1047 3458 6.
1066 3412 1092 3461 7.
1113 3407 1292 3462 diminuerent
1311 3409 1390 3463 bostis

368 3505 430 3585 91,
456 3524 482 3574 1.
500 3527 592 3571 turma
608 3528 714 3573 turmae
733 3521 763 3572 in
781 3542 798 3574 v
814 3520 884 3574 abiit
998 3526 1025 3575 6.
1042 3521 1211 3578 ambitionem

367 3621 428 3704 93,
454 3641 480 3692 4.
500 3635 623 3708 proximo
658 3703 661 3712 .

324 3755 326 3766 ⁴
367 3735 427 3818 94,
456 3756 482 3805 1.
507 3769 526 3802 a
639 3757 665 3807 2.
684 3756 710 3806 6.
728 3753 902 3806 nomenclator
1015 3759 1041 3808 5.
1058 3755 1193 3830 pluraque

336 3888 346 3901 .
369 3854 429 3933 95,
452 3872 480 3920 2.
492 3865 642 3937 pascebant
754 3873 781 3924 9.
793 3868 965 3940 peculiorum
1038 3841 1043 3850 .

367 3987 428 4068 96,
452 4007 479 4056 5.
503 4019 522 4052 α
614 4011 643 4062 6.
661 4005 756 4060 littera
844 4004 1035 4072 extracta‚'ut
1051 4005 1162 4060 videtur.
1252 4013 1279 4062 9.
1299 4010 1385 4074 italos,

256 4108 315 4148 cum
332 4094 425 4147 lacuna
442 4100 503 4163 poet
520 4093 585 4148 hena
603 4111 702 4152 vocem.
817 4100 843 4150 9.
863 4100 906 4149 10.
925 4093 1106 4167 vegeticulus,
1131 4100 1227 4153 omisso
1245 4103 1334 4173 vegeti

367 4212 429 4286 97,
457 4230 485 4280 2.
515 4229 585 4282 omni
603 4249 697 4300 carpor
785 4231 888 4286 Hirrus
1000 4237 1026 4284 ³.
1039 4231 1143 4302 foedus
1250 4237 1275 4287 4.
1294 4235 1324 4288 A
1339 4251 1385 4288 am.

256 4315 359 4370 bardus
473 4322 499 4368 5.
518 4336 537 4368 a
551 4336 639 4387 pruna
