2864 4814
371 195 396 264 Ὺ
455 219 724 320 ’5.9-11
1094 223 1168 298 121

48 411 186 502 sione,
217 433 286 506 qua
313 405 492 480 oculorum
518 420 741 507 conspectum
765 408 875 482 liniat.
929 411 1057 504 Quod,
1091 437 1172 486 cuna

48 511 160 582 dicunt
190 510 553 606 conspicionem,
587 511 722 584 addunt
748 515 1083 608 cortumionem‚
1119 514 1171 588 di·

49 616 131 683 citur
173 639 193 684 a
236 609 351 685 cordis
392 613 497 706 visu5
556 636 617 684 cor
658 613 748 685 enim
793 616 1014 688 cortumionis
1058 618 1169 716 origo.

49 713 105 784 10.
147 714 255 806 Quod
287 713 384 788 addit
409 712 608 812 templaut
637 716 707 786 sint
741 725 887 810 tesca,
926 719 1031 788 aiunt·
1052 730 1173 790 sancta

46 843 133 909 csse,
170 819 230 912 qui
263 815 406 887 Glossas
433 817 668 913 scripserunt.
736 816 782 888 Id
812 830 866 890 est
898 818 1048 914 salsum3
1092 846 1174 892 nam
1281 841 1288 867 ·

47 921 136 988 curia
162 917 313 990 Hostilia
346 917 512 1013 templum
543 929 597 989 est
627 929 662 990 et
694 929 852 992 sanctum
885 917 956 993 n'on
981 933 1044 994 est.
1099 922 1174 995 Sed

47 1017 107 1090 hoc
132 1030 171 1090 nt
192 1030 371 1118 putarent,
402 1016 520 1090 aedem
547 1021 696 1090 sacram*
719 1019 886 1118 templum
908 1048 1005 1114 esse,
1042 1022 1172 1095 lactum
1184 1053 1234 1104 294
1293 1026 1298 1030 ’

46 1119 133 1214 quod
157 1123 194 1192 in
218 1120 304 1192 urhe
324 1121 438 1193 Roma
461 1121 643 1217 pleraeque
665 1120 767 1193 aedes
787 1148 906 1194 sacrae
927 1136 1006 1196 sunt
1029 1125 1170 1222 templa,
1183 1120 1222 1132 “

45 1223 157 1293 cadem
188 1233 327 1317 sancta3
368 1232 404 1294 et
435 1221 528 1319 quod
560 1222 637 1296 loca
670 1223 839 1320 quaedam
869 1226 1039 1324 agrestia,
1078 1228 1174 1322 quod

45 1323 211 1420 aliquoius
234 1323 301 1396 ‘dei
337 1335 438 1413 sunt,
463 1323 645 1396 dicuntur
677 1336 787 1398 tesca.
960 1321 1034 1412 dl.
1081 1328 1174 1402 Nam

46 1426 131 1522 apud
163 1422 316 1499 Accium
350 1428 386 1496 in
417 1424 615 1500 Philocteta
648 1426 818 1506 Lemnio:

156 1552 249 1639 Quis
272 1563 312 1618 tu
338 1563 378 1618 es
400 1549 597 1634 mortalis,
629 1550 692 1642 qui
716 1550 753 1618 in
781 1550 930 1620 deserta
956 1565 992 1623 et
1018 1565 1174 1626 tecente

208 1663 383 1745 apportes
411 1646 524 1718 loco?
970 1671 973 1678 ·

46 1758 112 1831 Ea*
142 1760 234 1831 enim
262 1759 339 1842 loca
359 1782 454 1855 -quac
479 1760 569 1851 siut,
584 1757 768 1860 'designat
797 1781 902 1857 quom
928 1761 1032 1836 dicit:

559 1879 563 1888 '
607 1874 768 1942 summu
788 1887 944 1966 praesto

264 1975 417 2044 Littera
444 1998 556 2059 rara,
587 1987 622 2044 et
646 1976 744 2044 celsa
771 1975 947 2050 Cabirum

264 2075 436 2146 Delubra
459 2090 561 2148 tenea
584 2078 835 2172 mysteriaque

264 2179 437 2248 Pristiua
462 2181 574 2254 castis
605 2192 782 2273 concepta
804 2181 947 2270 sacris,-

47 2375 299 2500 cqmchqremplum
322 2378 397 2430 FGb.
445 2396 504 2432 cum
531 2351 658 2460 templum
683 2378 733 2430 Ha.
779 2380 819 2431 De
844 2388 917 2436 tum,
942 2395 1001 2430 cum
1034 2379 1068 2433 ci.
1087 2386 1173 2434 annot.

46 2461 59 2494 a
114 2487 122 2512 ‚
178 2488 185 2501 ·
257 2500 262 2507 .

151 2541 202 2606 10.
234 2555 300 2622 sint]
320 2573 362 2624 vg.
401 2573 452 2610 om.
472 2558 497 2608 b.
543 2556 579 2607 sit
598 2561 660 2609 cett.
680 2554 756 2609 codd.
923 2553 1009 2624 tesca]
1026 2556 1172 2610 Turnebus.

47 2623 149 2677 dexteru
167 2628 194 2680 b.
239 2627 335 2678 dextra
358 2635 420 2680 cett.
444 2629 519 2681 codd.
698 2624 827 2694 sacrum*]
845 2627 911 2680 Post
928 2625 952 2679 h.
966 2645 990 2680 v.
1009 2629 1092 2681 delevi
1110 2646 1176 2685 esse,

49 2697 112 2760 quod
131 2701 216 2751 estin
239 2699 330 2764 codd,
348 2707 431 2752 ortum
449 2707 479 2752 ut
496 2705 560 2769 puto
576 2716 610 2752 ex
630 2698 990 2774 transpositione'verborum.
1027 2701 1106 2752 Uncis
1123 2701 1176 2752 iam

49 2775 227 2836 segregaverat
244 2773 408 2838 Spengelius.
535 2771 682 2844 aliquoius]
698 2775 732 2824 G.
768 2771 890 2842 aliqujua
908 2771 942 2823 H.
979 2770 1096 2822 alicuius
1113 2779 1176 2824 cett.

154 2873 206 2937 11.
240 2884 268 2936 a.
293 2885 458 2952 Philocteta]
478 2888 536 2941 ara.
579 2897 610 2938 u
629 2886 752 2939 artum
771 2885 912 2956 (paruam
929 2886 960 2938 a.
999 2885 1119 2954 patruo
1136 2886 1176 2954 a.)
1281 2871 1283 2876 '

49 2965 158 3008 aetatem
178 2958 299 3032 (fratem
316 2956 363 3024 F.)
382 2957 473 3023 codd.;
504 2958 594 3010 sedin
613 2958 637 3010 b.
665 2958 728 3012 haec
745 2960 783 3010 sic
801 2959 960 3027 transposita
978 2963 1052 3008 suut:
1076 2965 1177 3007 etatem

48 3026 168 3092 philocle.
231 3028 327 3081 ¹Locus
347 3044 380 3080 ex
398 3029 544 3083 Philocteta
562 3037 602 3080 est
620 3031 698 3082 etiam
716 3030 784 3096 apud
802 3030 909 3083 Festum
928 3046 953 3095 p.
964 3031 1026 3079 272.
1045 3027 1174 3093 Lindem.‚

49 3098 88 3149 ubi
101 3102 220 3168 scribitur
232 3109 328 3170 tesqua
343 3106 370 3151 et
382 3110 519 3168 apportas.
555 3097 639 3152 Bothe
657 3101 688 3152 P.
704 3103 748 3153 Sc.
767 3099 799 3152 L.
818 3101 851 3163 V,
870 3103 894 3151 1.
913 3115 939 3168 p.
951 3103 1013 3178 2110.
1038 3098 1130 3165 fragm.
1148 3103 1175 3153 2.

50 3173 179 3307 tile]
193 3171 472 3294 {hmi'ii‘iildd'
485 3170 734 3295 ...fietile
749 3169 903 3309 'ittet
1026 3168 1178 3306 'iiiiii

49 3309 126 3366 Bothe
143 3316 175 3368 P.
195 3315 239 3366 Sc.
258 3313 291 3367 L.
310 3315 342 3368 V.
362 3318 385 3365 1.
405 3332 429 3381 p.
440 3317 501 3365 232.
526 3312 618 3380 fragm.
638 3316 680 3366 11.
723 3314 806 3366 Varro
824 3320 854 3366 ut
877 3313 1005 3381 explicet,
1033 3327 1100 3378 quae
1119 3313 1177 3364 loca

50 3382 78 3432 ab
95 3388 172 3437 Accio
196 3393 268 3438 tesca
290 3385 423 3450 dicantur,
450 3385 550 3438 eliade
577 3383 668 3438 iisdem
689 3385 825 3438 incudem
850 3385 985 3450 tragoedia
1007 3383 1075 3435 dicta
1092 3383 1176 3436 affert

51 3451 84 3505 lla
98 3459 180 3508 omnia
199 3473 230 3508 ex
246 3456 337 3508 eodem
350 3457 515 3525 anapaestico
531 3473 589 3510 esse
603 3457 724 3521 carmine,
743 3458 812 3523 quod
825 3449 966 3525 παροδικδν
976 3455 1055 3506 luisse
1068 3454 1176 3519 videtur,
1268 3464 1271 3470 '

51 3532 125 3578 taetra
141 3528 270 3582 evincunt.
313 3527 381 3580 Hinc
400 3536 484 3580 tamen
508 3543 558 3580 non
576 3529 705 3594 sequitur,
729 3534 760 3580 ut
777 3544 907 3581 connexos
925 3541 971 3578 eos
989 3541 1079 3578 versus
1097 3526 1176 3578 luisse
1221 3531 1240 3544 '·

52 3602 197 3664 statuemus3
222 3600 310 3667 potius
327 3605 357 3650 ut
374 3600 563 3668 dispescamus,
582 3600 673 3652 suadet
690 3602 740 3652 loci
759 3602 834 3666 ratio,
852 3603 1053 3666 propterquam
1072 3612 1103 3648 ea
1118 3604 1176 3648 tau·

12 3689 15 3704 ·
52 3671 99 3720 tum
114 3677 288 3740 excerpuntur
303 3685 370 3735 quae
385 3672 416 3722 ad
435 3674 492 3723 loca
508 3673 644 3738 pertinent.
676 3673 809 3738 Hactenus
832 3671 959 3722 assentior
978 3669 1115 3720 Welcltero
1134 3667 1176 3734 (in

51 3741 192 3806 Appendice
207 3741 265 3794 libri
280 3740 558 3811 detrilogiap.341.)‚
572 3758 622 3794 uon
636 3744 670 3794 G.
678 3745 826 3794 Hermanno
837 3741 880 3806 (de
888 3737 1008 3804 Aeschyli
1021 3739 1177 3804 Philocteta,

53 3809 140 3876 0pusc.
157 3813 203 3866 lll.
227 3832 252 3881 p.
265 3815 316 3865 116
328 3813 389 3879 sq).
535 3822 644 3881 praesto
663 3814 759 3866 littora
775 3813 852 3876 rara]
873 3811 1031 3877 Augustinus
1048 3811 1074 3862 in
1092 3825 1175 3878 marg.

54 3895 82 3952 ex
97 3884 168 3936 libro.
201 3893 277 3956 pgest
296 3883 421 3952 (praeeat
440 3884 501 3936 GH.
536 3884 614 3952 qiust
632 3884 672 3950 b.)
690 3885 769 3936 alitor
786 3892 883 3934 ararat
901 3881 977 3936 codd.
1087 3883 1176 3962 ¹rara]

54 3967 115 4002 rava
132 3956 302 4009 Hermannus.
338 3955 405 4006 lllud
425 3972 471 4022 pro
488 3955 643 4021 infrequenti
662 3957 773 4024 positum
791 3960 862 4022 puto.
928 3984 929 3991 .
982 3955 1176 4021 mysteriaque]
1272 4007 1279 4023 ⁸

53 4022 301 4092 temptatorum
326 4026 440 4078 delubra.
487 4027 616 4094 mysteria
635 4028 709 4097 queis
733 4027 799 4078 coni.
823 4026 1002 4088 Humanum,
1030 4023 1130 4076 scilicet
1147 4032 1177 4082 ut

53 4098 161 4156 proximo
186 4114 261 4150 versu
285 4097 425 4164 adiungere
442 4103 531 4165 posset
549 4097 612 4150 haec
631 4113 664 4150 ex
682 4099 808 4157 Cicerone
825 4097 921 4165 petita:
947 4103 1077 4146 nocturna
1096 4095 1175 4146 aditu
1244 4099 1246 4104 '

54 4167 151 4218 occulta
174 4169 313 4233 coluntur,
337 4167 504 4220 siluestribus
529 4168 634 4236 sepibus
659 4169 749 4222 denso.
795 4166 938 4235 Equidem,
962 4181 1106 4234 quanquam
1124 4169 1176 4218 hon

55 4237 134 4290 tardus
151 4241 295 4294 lacunarum
313 4242 338 4292 iu
357 4243 473 4297 Varrone
490 4241 673 4307 investigator,
693 4241 717 4292 h.
732 4249 817 4293 tamen
835 4242 850 4292 1.
870 4240 939 4292 nulla
956 4254 1068 4305 agnosco
1087 4237 1176 4289 huius-
1194 4274 1196 4280 .

55 4309 116 4361 modi
130 4315 289 4382 corruptelae
308 4309 423 4380 vestigia.
539 4311 683 4379 cautislab.
701 4320 731 4366 ut
744 4313 851 4366 videtur.
882 4309 1086 4388 castrisFGH„
1106 4309 1175 4374 quod
1247 4377 1252 4388 ὗ
