2890 4820
476 295 725 342 torrenta.
1123 291 1171 344 111

53 453 211 520 vocabula
240 464 350 520 essent
378 453 560 540 imposito:
589 455 702 542 quibus
730 475 769 520 ex
797 454 901 522 vorbis
924 453 1055 540 insignis
1080 455 1171 528 buius

53 540 115 605 libri
136 538 219 606 fides
240 538 394 624 cognosci
418 550 531 624 potest.
582 541 781 607 Graecorum
803 543 970 606 verborum
991 541 1064 608 loco
1083 541 1171 610 lacu·

53 647 108 690 nae
131 635 214 692 sunt
256 623 361 690 Etiam
384 623 459 688 alias
480 624 598 692 multae
614 625 763 708 lacunae3
785 627 921 694 maiores
937 626 1051 714 quibus
1069 630 1171 694 vorbis
1286 661 1288 668 ·

50 709 203 777 indicatae
229 709 309 788 sint,
346 709 461 810 passim
489 711 521 776 iu
550 711 753 778 annotatione
779 710 851 779 dixi.
899 712 939 779 Iu
966 713 1111 799 margine
1138 725 1172 780 et

50 793 127 861 iuter
153 817 263 862 versus
291 815 376 859 rana
405 794 561 882 scriptura
589 819 686 884 saepe
714 795 837 864 adiecta
866 808 931 878 est,
966 797 1101 864 fortasse
1128 819 1173 866 ex

51 895 137 966 parte
168 903 188 945 a
217 881 317 969 prima
351 880 516 947 scribentis
548 904 652 948 manu
708 882 802 946 Haec
830 883 916 950 varia
945 883 1101 970 scriptura
1130 905 1172 950 ex

50 965 105 1030 alio
126 964 245 1031 codice
260 974 386 1031 enotata
408 965 547 1048 videtur,
569 989 633 1032 non
652 989 690 1033 ex
710 966 840 1051 ingenio
859 969 1062 1036 correctoris:
1085 967 1172 1056 quod

50 1051 160 1136 colligo
192 1072 233 1114 ex
263 1050 300 1114 iis
330 1071 413 1136 quae
440 1050 628 1118 Blumius
660 1049 806 1118 enotavit
870 1052 982 1124 (iuius⁴
1005 1054 1061 1120 riri
1096 1053 1173 1120 mibi

50 1134 300 1201 desideratissimi
322 1155 453 1215 nomen,
481 1157 599 1220 magno
619 1136 694 1201 mibi
714 1147 763 1202 est
783 1133 920 1219 gaudio,
970 1137 1035 1204 uod
1056 1139 1174 1206 etheo

49 1219 114 1286 loco
138 1219 312 1308 appellare,
343 1230 376 1285 et
404 1221 437 1283 in
462 1221 665 1286 annotatione
689 1219 817 1308 saepius
839 1241 912 1286 cum
937 1159 1003 1289 dits
1024 1225 1172 1290 iurecon-

49 1305 285 1372 sultissimorum
315 1302 454 1368 virorum
482 1305 658 1371 nominibus
688 1305 826 1391 iungere
852 1303 988 1383 licebat,
1045 1307 1076 1372 ui
1105 1309 1173 1386 riri,

48 1413 105 1476 quo
126 1402 202 1457 suut
215 1389 401 1456 Latinarum
425 1387 583 1458 literarum
607 1412 733 1471 amore,
760 1412 800 1456 ee
822 1390 917 1456 etiarn
943 1389 1018 1458 huic
1070 1393 1173 1460 amoni
1212 1455 1214 1458 .

48 1476 212 1563 insigniter
240 1471 436 1564 prosuerunt.

154 1589 283 1653 Horum
310 1585 460 1650 librorum
481 1607 564 1671 quae
586 1584 626 1651 sit
653 1580 792 1650 conditio
819 1593 852 1650 et
875 1582 1033 1672 dignitas,
1063 1608 1103 1652 ex
1124 1585 1174 1652 bis

24 1669 126 1758 ‘quae
149 1671 215 1737 dixi
236 1673 337 1736 ferme
356 1669 547 1756 intelligitur.
599 1667 736 1752 Aliorum
758 1671 884 1736 tenulor
905 1681 991 1738 extat
1011 1671 1174 1749 memorie,

46 1757 100 1820 sed
124 1757 223 1822 etiam
247 1757 331 1821 hano
359 1752 679 1831 noluiiisinvidere,
707 1755 821 1841 quiea
846 1755 890 1821 uti
914 1768 1072 1844 poterunt.
1122 1758 1174 1822 De
1239 1810 1243 1824 .

45 1841 236 1906 Memmiana
258 1842 360 1906 obiter
380 1839 442 1904 dixi
462 1861 545 1926 quae
566 1839 685 1904 rescivi.
700 1875 743 1886 -
785 1839 911 1906 Romae
930 1841 961 1906 in
985 1841 1174 1909 bibliotheca

44 1925 223 1991 Barberina
249 1948 279 1991 n.
293 1926 387 1991 2160.
409 1922 512 1990 codex
533 1925 683 1992 Varronis
706 1922 748 1988 de
771 1923 811 1989 L.
827 1925 867 1990 L.
910 1926 948 1991 V.
972 1925 1087 1992 Blumii
1107 1928 1175 1994 lter

46 2011 108 2077 ltal.
133 2007 296 2096 Supplem.
322 2033 353 2096 p.
368 2011 439 2075 155.
460 2047 503 2058 -
553 2011 592 2075 ln
619 2008 808 2096 bibliotheca
837 2009 996 2095 Ohigiana
1023 2011 1105 2078 cod.
1130 2013 1175 2078 H.

46 2095 120 2171 VII,
144 2097 218 2160 219.
268 2096 371 2161 Varro
394 2094 436 2159 de
458 2094 498 2159 L.
517 2095 556 2160 L.
576 2094 658 2159 liber
679 2093 843 2181 eleganter
870 2095 1007 2182 scriptus
1034 2119 1062 2163 a.
1080 2096 1175 2163 1440.

48 2174 201 2267 quadrata
218 2181 330 2247 forma.
369 2179 490 2246 Retulit
504 2179 656 2246 Blumius.
670 2215 712 2228 -
741 2180 1006 2268 stuttgardiensis
1022 2182 1174 2249 Varronis

49 2266 148 2331 codex
161 2266 195 2330 in
211 2266 281 2332 bibl.
295 2265 419 2350 Regia,
441 2265 528 2332 initio
543 2265 602 2330 XV
626 2263 742 2332 saeculi
756 2265 892 2352 scriptus
908 2288 979 2331 esse
994 2265 1118 2334 dicitur.
1131 2303 1175 2316 -

51 2351 194 2417 Salmasii
218 2351 251 2416 in
278 2351 421 2416 manibus
447 2350 598 2416 Varronis
628 2347 731 2415 codex
759 2362 844 2429 erut,
875 2373 914 2416 ex
936 2351 1061 2438 optimis
1082 2373 1174 2426 unus,

50 2447 84 2502 nt
110 2434 244 2502 ridetur.
305 2435 344 2499 V.
374 2431 417 2498 ad
446 2434 590 2502 Solinum
618 2457 649 2520 p.
664 2433 737 2498 386.
760 2433 879 2516 (547.)
904 2471 947 2482 -—
997 2436 1177 2502 Gronovius

50 2521 178 2590 Observ.
200 2520 236 2602 I,
259 2522 287 2586 1.
310 2542 345 2667 p.
360 2519 411 2584 11.
430 2518 522 2602 ’(12.)
549 2516 591 2581 de
610 2517 698 2582 loco:
727 2565 746 2596 „
756 2517 883 2582 Omnes
910 2518 1069 2600 Quirites
1094 2520 1178 2584 inli-

50 2606 137 2670 cium
171 2605 277 2672 visite
322 2611 377 2669 rite
411 2603 460 2666 nd
492 2602 648 2666 iudices'’
686 2602 767 2668 haec
797 2602 930 2690 scripsit.
991 2604 1078 2686 „Sic
1110 2616 1177 2672 tres

51 2689 186 2759 Florent.
208 2699 241 2757 et
261 2688 356 2756 Basil.
378 2699 411 2754 et
432 2688 602 2758 Vossianus
623 2687 715 2754 Mss.”

155 2827 246 2893 Inter
270 2825 329 2891 hos
357 2823 470 2905 libros,
506 2848 570 2890 non
598 2825 731 2907 infitior,
770 2826 1004 2908 nonnullorum,
1040 2825 1178 2893 maxime

53 2910 252 2991 Mutinensis,
273 2910 349 2976 dum
371 2934 427 2976 eos
448 2933 619 2992 recenseo,
639 2912 755 2977 'denuo
784 2912 859 2978 mibi
888 2910 1078 2978 desiderium
1108 2935 1178 2976 mo·
1275 2929 1277 2932 ·

53 2999 127 3078 reri3
161 3007 196 3063 et
219 2997 244 3062 sl
267 2997 417 3064 Varronis
446 2997 488 3060 de
507 2996 547 3062 L.
562 2996 601 3062 L.
622 2996 707 3064 libris
736 3021 806 3071 eam
836 2998 968 3063 formam
996 2997 1177 3083 imprimere

54 3082 120 3150 mibi
147 3082 402 3171 proposuissem,
437 3103 520 3170 quae
548 3103 605 3168 per
633 3083 722 3170 plura
749 3081 875 3148 saecule
902 3102 1051 3146 mansura
1081 3095 1177 3161 esset,

54 3165 129 3232 illum
153 3168 323 3253 diligenter
345 3167 491 3235 collatum
513 3167 633 3234 habere
654 3167 821 3232 debebam.
872 3166 1082 3234 Nihilominus
1104 3189 1177 3254 per-

54 3253 262 3320 suasissimum
289 3252 412 3332 habeo,
443 3275 482 3318 ex
508 3251 652 3316 omnibus
678 3250 839 3318 codicibus
867 3251 915 3317 his
945 3251 1064 3318 collatis
1092 3252 1178 3318 criti·
1256 3325 1259 3330 ‚

56 3359 157 3406 carum
182 3340 360 3428 copiarum,
384 3359 467 3426 quae
487 3345 549 3400 non
570 3357 702 3400 numero
721 3335 779 3401 sed
799 3336 941 3423 pondere
961 3338 1176 3416 aestimantur,

56 3436 257 3526 augmentum
276 3435 341 3490 tam
361 3433 459 3512 tenue
480 3421 638 3499 futurum,
660 3433 696 3488 ut
716 3421 748 3486 in
768 3423 831 3487 hoo
852 3424 1009 3509 scriptore
1023 3432 1072 3487 tot
1087 3422 1176 3500 vitiis,

57 3513 162 3593 qulbus
190 3510 272 3575 nulla
294 3531 313 3572 a
333 3507 419 3573 libris
443 3504 566 3571 medela
590 3507 767 3593 exspectari
794 3517 915 3596 potest,
945 3527 1098 3594 oppresso
1126 3507 1176 3570 vix

58 3613 92 3658 ea
117 3595 225 3662 sentiri
252 3593 360 3682 possit.
411 3589 507 3666 Quod
538 3589 652 3676 colligo
681 3614 720 3657 ex
750 3615 860 3658 eorum
886 3591 1037 3656 librorum
1067 3589 1176 3656 condi·
1252 3627 1255 3636 ,

58 3677 153 3760 tione,
180 3680 234 3767 qui
260 3677 438 3744 accuratius
466 3677 533 3744 uoti
562 3688 653 3750 sunt,
687 3699 766 3764 quos
794 3678 841 3742 his
868 3675 966 3742 literis
993 3673 1175 3762 designavi:

58 3761 219 3830 FGHabc.
276 3764 403 3830 Horum
426 3761 572 3828 codicum
596 3760 697 3828 nullus
719 3785 759 3827 ex
781 3763 840 3826 alio
865 3781 977 3826 eorum
999 3759 1176 3850 descriptus

59 3860 118 3928 est,
142 3849 209 3929 sed,
230 3869 410 3936 quanquam
430 3848 612 3914 Florentino
632 3847 766 3934 palmam
786 3868 850 3911 non
868 3847 1041 3936 praeripio,
1069 3857 1177 3913 tamen

59 3953 113 3998 sua
139 3935 198 4000 sibi
220 3935 353 4022 quisque
375 3933 502 4020 propria
529 3934 679 3999 habetet
706 3935 790 3997 bona
818 3943 851 4000 et
879 3933 997 3999 malam
1024 3933 1176 3998 Omnium

60 4020 232 4086 communis,
256 4031 305 4086 est
336 4019 427 4097 lons,
465 4017 561 4104 'quem
591 4017 776 4104 plerumque
804 4029 955 4086 accurate
988 4019 1178 4105 exprimunt.¹

60 4100 126 4174 Quo
148 4105 284 4182 factum,
314 4115 350 4170 ut
377 4103 410 4167 in
437 4102 638 4170 annotatione
659 4123 731 4166 mea
753 4104 928 4170 sexcenties
950 4102 1079 4170 codices
1100 4123 1177 4168 con-

58 4183 148 4254 iuncti
165 4200 365 4276 opponantur
379 4187 537 4273 volgatae,
558 4187 578 4252 i.
593 4210 621 4252 e.
642 4185 850 4274 interpolatae
870 4188 1044 4288 scripturae
1060 4185 1176 4271 (codd.

60 4283 88 4336 et
108 4271 188 4358 vg).
237 4271 283 4350 ld,
306 4273 465 4360 significat
493 4295 564 4337 eam
594 4271 783 4360 scripturam
813 4273 944 4361 reperim
970 4273 1002 4337 iu
1030 4272 1176 4340 omnibus

59 4351 136 4423 libris
164 4358 331 4425 reflabo.
353 4359 444 4446 (post
464 4358 504 4434 V,
524 4357 594 4424 122.
614 4357 646 4424 in
668 4357 835 4442 reflat,
871 4368 903 4425 et
928 4369 1002 4444 post
1028 4357 1124 4439 VIII,
1144 4359 1176 4422 7.
