<?xml version="1.0" encoding="UTF-8"?>
<!DOCTYPE html PUBLIC "-//W3C//DTD XHTML 1.0 Transitional//EN"
    "http://www.w3.org/TR/xhtml1/DTD/xhtml1-transitional.dtd">
<html xmlns="http://www.w3.org/1999/xhtml" xml:lang="en" lang="en">
 <head>
  <title>
</title>
<meta http-equiv="Content-Type" content="text/html;charset=utf-8" />
  <meta name='ocr-system' content='tesseract 3.04.00' />
  <meta name='ocr-capabilities' content='ocr_page ocr_carea ocr_par ocr_line ocrx_word'/>
</head>
<body>
  <div class='ocr_page' id='page_1' title='image "./mterentivarroni00mlgoog/mterentivarroni00mlgoog_0126.png"; bbox 0 0 2864 4814; ppageno 0'>
   <div class='ocr_carea' id='block_1_1' title="bbox 260 271 1014 349">
    <p class='ocr_par' dir='ltr' id='par_1_1' title="bbox 260 271 1014 349">
     <span class='ocr_line' id='line_1_1' title="bbox 260 271 1014 349; baseline 0 -13"><span class='ocrx_word' id='word_1_1' title='bbox 260 271 315 346; x_wconf 84' lang='grc'>68</span> <span class='ocrx_word' id='word_1_2' title='bbox 656 291 778 338; x_wconf 77' lang='lat' dir='ltr'>tinen</span> <span class='ocrx_word' id='word_1_3' title='bbox 813 289 1014 349; x_wconf 78' lang='lat' dir='ltr'>poturus.</span> 
     </span>
    </p>
   </div>
   <div class='ocr_carea' id='block_1_2' title="bbox 214 447 1395 962">
    <p class='ocr_par' dir='ltr' id='par_1_2' title="bbox 214 447 1395 962">
     <span class='ocr_line' id='line_1_2' title="bbox 263 447 1395 534; baseline -0.011 0"><span class='ocrx_word' id='word_1_4' title='bbox 263 459 440 534; x_wconf 85' lang='lat' dir='ltr'>sestertius</span> <span class='ocrx_word' id='word_1_5' title='bbox 471 456 598 528; x_wconf 87' lang='lat' dir='ltr'>dictus.</span> <span class='ocrx_word' id='word_1_6' title='bbox 640 489 655 518; x_wconf 78' lang='grc' dir='ltr'><strong>ο</strong></span> <span class='ocrx_word' id='word_1_7' title='bbox 782 448 876 524; x_wconf 78' lang='grc'><strong>171.</strong></span> <span class='ocrx_word' id='word_1_8' title='bbox 912 452 1055 524; x_wconf 87' lang='lat' dir='ltr'>Nummi</span> <span class='ocrx_word' id='word_1_9' title='bbox 1088 447 1220 523; x_wconf 79' lang='lat' dir='ltr'>denarii</span> <span class='ocrx_word' id='word_1_10' title='bbox 1252 447 1395 522; x_wconf 79' lang='lat' dir='ltr'>decuma</span> 
     </span>
     <span class='ocr_line' id='line_1_3' title="bbox 261 549 1395 655; baseline -0.008 -22"><span class='ocrx_word' id='word_1_11' title='bbox 261 560 448 650; x_wconf 67' lang='lat' dir='ltr'>libella.</span> <span class='ocrx_word' id='word_1_12' title='bbox 485 557 580 655; x_wconf 91' lang='lat' dir='ltr'>quod</span> <span class='ocrx_word' id='word_1_13' title='bbox 614 554 739 627; x_wconf 80' lang='lat' dir='ltr'>libram</span> <span class='ocrx_word' id='word_1_14' title='bbox 772 554 890 653; x_wconf 92' lang='lat' dir='ltr'>pondo</span> <span class='ocrx_word' id='word_1_15' title='bbox 921 553 1026 626; x_wconf 80' lang='lat' dir='ltr'>aeris*</span> <span class='ocrx_word' id='word_1_16' title='bbox 1061 549 1218 645; x_wconf 70' lang='lat' dir='ltr'>valebit,</span> <span class='ocrx_word' id='word_1_17' title='bbox 1259 563 1293 626; x_wconf 85' lang='lat' dir='ltr'>et</span> <span class='ocrx_word' id='word_1_18' title='bbox 1323 563 1395 624; x_wconf 82' lang='lat' dir='ltr'>erat</span> 
     </span>
     <span class='ocr_line' id='line_1_4' title="bbox 214 653 1393 773; baseline -0.011 -35"><span class='ocrx_word' id='word_1_19' title='bbox 214 719 222 738; x_wconf 88' lang='lat'>.</span> <span class='ocrx_word' id='word_1_20' title='bbox 261 689 305 736; x_wconf 83' lang='lat' dir='ltr'>ex</span> <span class='ocrx_word' id='word_1_21' title='bbox 323 672 466 761; x_wconf 75' lang='lat' dir='ltr'>argento</span> <span class='ocrx_word' id='word_1_22' title='bbox 486 685 606 758; x_wconf 82' lang='lat' dir='ltr'>parve.</span> <span class='ocrx_word' id='word_1_23' title='bbox 660 654 899 749; x_wconf 79' lang='lat' dir='ltr'>Semhello,</span> <span class='ocrx_word' id='word_1_24' title='bbox 927 654 1022 773; x_wconf 72' lang='lat' dir='ltr'>quod</span> <span class='ocrx_word' id='word_1_25' title='bbox 1042 653 1178 728; x_wconf 83' lang='lat' dir='ltr'>libellce</span> <span class='ocrx_word' id='word_1_26' title='bbox 1200 653 1393 746; x_wconf 82' lang='lat' dir='ltr'>dimidium,</span> 
     </span>
     <span class='ocr_line' id='line_1_5' title="bbox 262 755 1394 862; baseline -0.009 -26"><span class='ocrx_word' id='word_1_27' title='bbox 262 765 359 862; x_wconf 89' lang='lat' dir='ltr'>quod</span> <span class='ocrx_word' id='word_1_28' title='bbox 382 765 486 834; x_wconf 88' lang='lat' dir='ltr'>semis</span> <span class='ocrx_word' id='word_1_29' title='bbox 508 763 609 833; x_wconf 83' lang='lat' dir='ltr'>assis.</span> <span class='ocrx_word' id='word_1_30' title='bbox 664 760 929 830; x_wconf 84' lang='lat' dir='ltr'>Teruncius</span> <span class='ocrx_word' id='word_1_31' title='bbox 952 785 972 829; x_wconf 83' lang='lat' dir='ltr'>a</span> <span class='ocrx_word' id='word_1_32' title='bbox 998 756 1112 829; x_wconf 90' lang='lat' dir='ltr'>tribus</span> <span class='ocrx_word' id='word_1_33' title='bbox 1135 757 1279 829; x_wconf 86' lang='lat' dir='ltr'>unciis*.</span> <span class='ocrx_word' id='word_1_34' title='bbox 1333 755 1394 828; x_wconf 90' lang='lat' dir='ltr'>Li·</span> 
     </span>
     <span class='ocr_line' id='line_1_6' title="bbox 262 857 1391 962; baseline -0.007 -26"><span class='ocrx_word' id='word_1_35' title='bbox 262 865 373 938; x_wconf 82' lang='lat' dir='ltr'>bellee</span> <span class='ocrx_word' id='word_1_36' title='bbox 397 875 436 936; x_wconf 85' lang='lat' dir='ltr'>ui</span> <span class='ocrx_word' id='word_1_37' title='bbox 464 861 550 935; x_wconf 85' lang='lat' dir='ltr'>haee</span> <span class='ocrx_word' id='word_1_38' title='bbox 575 871 699 962; x_wconf 82' lang='lat' dir='ltr'>quarta</span> <span class='ocrx_word' id='word_1_39' title='bbox 724 886 826 959; x_wconf 79' lang='lat' dir='ltr'>pars,</span> <span class='ocrx_word' id='word_1_40' title='bbox 859 861 914 932; x_wconf 80' lang='lat' dir='ltr'>‘sic</span> <span class='ocrx_word' id='word_1_41' title='bbox 948 859 1123 959; x_wconf 78' lang='lat' dir='ltr'>quadrans</span> <span class='ocrx_word' id='word_1_42' title='bbox 1148 861 1235 932; x_wconf 83' lang='lat' dir='ltr'>assis</span> <span class='ocrx_word' id='word_1_43' title='bbox 1260 857 1391 931; x_wconf 80' lang='lat' dir='ltr'>eedem.</span> 
     </span>
    </p>
   </div>
   <div class='ocr_carea' id='block_1_3' title="bbox 201 1014 1426 2438">
    <p class='ocr_par' dir='ltr' id='par_1_3' title="bbox 201 1014 1394 1414">
     <span class='ocr_line' id='line_1_7' title="bbox 378 1014 1393 1112; baseline -0.009 -23"><span class='ocrx_word' id='word_1_44' title='bbox 378 1015 470 1089; x_wconf 76' lang='lat'>175.</span> <span class='ocrx_word' id='word_1_45' title='bbox 507 1018 664 1090; x_wconf 82' lang='lat' dir='ltr'>Pecunia</span> <span class='ocrx_word' id='word_1_46' title='bbox 687 1014 895 1087; x_wconf 82' lang='lat' dir='ltr'>vocabulum</span> <span class='ocrx_word' id='word_1_47' title='bbox 918 1021 1050 1107; x_wconf 74' lang='lat' dir='ltr'>mutui,</span> <span class='ocrx_word' id='word_1_48' title='bbox 1076 1040 1158 1084; x_wconf 81' lang='lat' dir='ltr'>narn</span> <span class='ocrx_word' id='word_1_49' title='bbox 1178 1023 1293 1112; x_wconf 89' lang='lat' dir='ltr'>potest</span> <span class='ocrx_word' id='word_1_50' title='bbox 1314 1014 1393 1083; x_wconf 87' lang='lat' dir='ltr'>item</span> 
     </span>
     <span class='ocr_line' id='line_1_8' title="bbox 201 1115 1394 1212; baseline -0.009 -18"><span class='ocrx_word' id='word_1_51' title='bbox 201 1153 248 1196; x_wconf 78' lang='lat' dir='ltr'>irs</span> <span class='ocrx_word' id='word_1_52' title='bbox 265 1119 334 1193; x_wconf 90' lang='lat' dir='ltr'>diei</span> <span class='ocrx_word' id='word_1_53' title='bbox 356 1119 432 1212; x_wconf 84' lang='lat' dir='ltr'>dos,</span> <span class='ocrx_word' id='word_1_54' title='bbox 461 1117 597 1210; x_wconf 80' lang='lat' dir='ltr'>errabo,</span> <span class='ocrx_word' id='word_1_55' title='bbox 626 1142 771 1209; x_wconf 85' lang='lat' dir='ltr'>meroes,</span> <span class='ocrx_word' id='word_1_56' title='bbox 802 1116 1034 1190; x_wconf 82' lang='lat' dir='ltr'><strong>corollarium.</strong></span> <span class='ocrx_word' id='word_1_57' title='bbox 1088 1116 1177 1188; x_wconf 86' lang='lat' dir='ltr'>Dos</span> <span class='ocrx_word' id='word_1_58' title='bbox 1206 1117 1237 1188; x_wconf 92' lang='lat' dir='ltr'>si</span> <span class='ocrx_word' id='word_1_59' title='bbox 1260 1115 1394 1211; x_wconf 83' lang='lat' dir='ltr'>nuptie·</span> 
     </span>
     <span class='ocr_line' id='line_1_9' title="bbox 206 1209 1394 1314; baseline -0.008 -20"><span class='ocrx_word' id='word_1_60' title='bbox 206 1211 340 1294; x_wconf 52' lang='lat' dir='ltr'>‘rum</span> <span class='ocrx_word' id='word_1_61' title='bbox 370 1247 473 1293; x_wconf 82' lang='lat' dir='ltr'>eausa</span> <span class='ocrx_word' id='word_1_62' title='bbox 508 1220 612 1314; x_wconf 82' lang='lat' dir='ltr'>dnia3</span> <span class='ocrx_word' id='word_1_63' title='bbox 649 1219 737 1291; x_wconf 83' lang='lat' dir='ltr'>haec</span> <span class='ocrx_word' id='word_1_64' title='bbox 765 1217 901 1292; x_wconf 81' lang='lat' dir='ltr'>Graece</span> <span class='ocrx_word' id='word_1_65' title='bbox 933 1209 1086 1310; x_wconf 71' lang='lat' dir='ltr'>descire,</span> <span class='ocrx_word' id='word_1_66' title='bbox 1123 1219 1172 1314; x_wconf 82' lang='lat' dir='ltr'>ita¹</span> <span class='ocrx_word' id='word_1_67' title='bbox 1205 1217 1298 1288; x_wconf 89' lang='lat' dir='ltr'>enim</span> <span class='ocrx_word' id='word_1_68' title='bbox 1329 1215 1394 1286; x_wconf 87' lang='lat' dir='ltr'>hoc</span> 
     </span>
     <span class='ocr_line' id='line_1_10' title="bbox 216 1318 1394 1414; baseline -0.007 -18"><span class='ocrx_word' id='word_1_69' title='bbox 216 1325 218 1332; x_wconf 75' lang='grc'>’</span> <span class='ocrx_word' id='word_1_70' title='bbox 263 1322 390 1396; x_wconf 89' lang='lat' dir='ltr'>Siculi.</span> <span class='ocrx_word' id='word_1_71' title='bbox 456 1319 517 1393; x_wconf 81' lang='lat' dir='ltr'>Ab</span> <span class='ocrx_word' id='word_1_72' title='bbox 549 1322 669 1393; x_wconf 88' lang='lat' dir='ltr'>eodem</span> <span class='ocrx_word' id='word_1_73' title='bbox 704 1321 882 1414; x_wconf 87' lang='lat' dir='ltr'>donum,</span> <span class='ocrx_word' id='word_1_74' title='bbox 926 1346 1006 1391; x_wconf 81' lang='lat' dir='ltr'>narn</span> <span class='ocrx_word' id='word_1_75' title='bbox 1036 1318 1172 1392; x_wconf 82' lang='lat' dir='ltr'>Graece</span> <span class='ocrx_word' id='word_1_76' title='bbox 1201 1329 1240 1390; x_wconf 84' lang='lat' dir='ltr'>ui</span> <span class='ocrx_word' id='word_1_77' title='bbox 1270 1344 1394 1390; x_wconf 79' lang='lat' dir='ltr'>rsseno·</span> 
     </span>
    </p>

    <p class='ocr_par' dir='ltr' id='par_1_4' title="bbox 201 1413 1426 2438">
     <span class='ocr_line' id='line_1_11' title="bbox 261 1413 1395 1520; baseline -0.005 -23"><span class='ocrx_word' id='word_1_78' title='bbox 261 1429 392 1520; x_wconf 61' lang='lat' dir='ltr'>uronis,</span> <span class='ocrx_word' id='word_1_79' title='bbox 417 1434 467 1496; x_wconf 84' lang='lat' dir='ltr'>ei</span> <span class='ocrx_word' id='word_1_80' title='bbox 491 1434 530 1494; x_wconf 88' lang='lat' dir='ltr'>ut</span> <span class='ocrx_word' id='word_1_81' title='bbox 555 1423 614 1494; x_wconf 85' lang='lat' dir='ltr'>aiii</span> <span class='ocrx_word' id='word_1_82' title='bbox 650 1415 760 1520; x_wconf 69' lang='grc' dir='ltr'>δόμα,</span> <span class='ocrx_word' id='word_1_83' title='bbox 796 1433 832 1494; x_wconf 87' lang='lat' dir='ltr'>ct</span> <span class='ocrx_word' id='word_1_84' title='bbox 863 1431 902 1493; x_wconf 88' lang='lat' dir='ltr'>ut</span> <span class='ocrx_word' id='word_1_85' title='bbox 929 1418 1042 1495; x_wconf 82' lang='lat' dir='ltr'>Attici</span> <span class='ocrx_word' id='word_1_86' title='bbox 1072 1413 1178 1502; x_wconf 69' lang='lat' dir='ltr'>dieto.</span> <span class='ocrx_word' id='word_1_87' title='bbox 1227 1416 1395 1493; x_wconf 79' lang='lat' dir='ltr'>Arrabo</span> 
     </span>
     <span class='ocr_line' id='line_1_12' title="bbox 262 1522 1396 1625; baseline -0.005 -27"><span class='ocrx_word' id='word_1_88' title='bbox 262 1529 314 1598; x_wconf 90' lang='lat' dir='ltr'>sic</span> <span class='ocrx_word' id='word_1_89' title='bbox 345 1527 447 1617; x_wconf 81' lang='lat' dir='ltr'>datu,</span> <span class='ocrx_word' id='word_1_90' title='bbox 484 1535 524 1595; x_wconf 88' lang='lat' dir='ltr'>ut</span> <span class='ocrx_word' id='word_1_91' title='bbox 553 1525 723 1625; x_wconf 86' lang='lat' dir='ltr'>reliquom</span> <span class='ocrx_word' id='word_1_92' title='bbox 757 1523 943 1620; x_wconf 77' lang='lat' dir='ltr'>reddatur5</span> <span class='ocrx_word' id='word_1_93' title='bbox 984 1523 1052 1596; x_wconf 84' lang='lat' dir='ltr'>hoc</span> <span class='ocrx_word' id='word_1_94' title='bbox 1084 1522 1228 1596; x_wconf 90' lang='lat' dir='ltr'>verbum</span> <span class='ocrx_word' id='word_1_95' title='bbox 1260 1523 1346 1593; x_wconf 87' lang='lat' dir='ltr'>item</span> <span class='ocrx_word' id='word_1_96' title='bbox 1378 1547 1396 1592; x_wconf 81' lang='lat' dir='ltr'>a</span> 
     </span>
     <span class='ocr_line' id='line_1_13' title="bbox 261 1622 1395 1730; baseline -0.004 -31"><span class='ocrx_word' id='word_1_97' title='bbox 261 1626 400 1700; x_wconf 85' lang='lat' dir='ltr'>Graeco</span> <span class='ocrx_word' id='word_1_98' title='bbox 425 1623 616 1730; x_wconf 72' lang='grc' dir='ltr'>α’ῥραβών.</span> <span class='ocrx_word' id='word_1_99' title='bbox 668 1625 930 1722; x_wconf 79' lang='lat' dir='ltr'>Reliquom‚</span> <span class='ocrx_word' id='word_1_100' title='bbox 966 1626 1061 1723; x_wconf 84' lang='lat' dir='ltr'>quod</span> <span class='ocrx_word' id='word_1_101' title='bbox 1089 1652 1133 1698; x_wconf 87' lang='lat' dir='ltr'>ex</span> <span class='ocrx_word' id='word_1_102' title='bbox 1158 1651 1199 1698; x_wconf 91' lang='lat' dir='ltr'>eo</span> <span class='ocrx_word' id='word_1_103' title='bbox 1220 1622 1315 1722; x_wconf 88' lang='lat' dir='ltr'>quod</span> <span class='ocrx_word' id='word_1_104' title='bbox 1340 1623 1395 1695; x_wconf 92' lang='lat' dir='ltr'>de·</span> 
     </span>
     <span class='ocr_line' id='line_1_14' title="bbox 201 1724 1392 1825; baseline -0.003 -26"><span class='ocrx_word' id='word_1_105' title='bbox 201 1751 251 1823; x_wconf 62' lang='lat'>139</span> <span class='ocrx_word' id='word_1_106' title='bbox 262 1726 373 1799; x_wconf 89' lang='lat' dir='ltr'>bitum</span> <span class='ocrx_word' id='word_1_107' title='bbox 398 1728 580 1825; x_wconf 90' lang='lat' dir='ltr'>reliquom.</span> <span class='ocrx_word' id='word_1_108' title='bbox 751 1724 844 1799; x_wconf 87' lang='grc'><strong>176.</strong></span> <span class='ocrx_word' id='word_1_109' title='bbox 884 1729 1099 1800; x_wconf 75' lang='lat' dir='ltr'>Damnum</span> <span class='ocrx_word' id='word_1_110' title='bbox 1131 1726 1392 1823; x_wconf 70' lang='lat' dir='ltr'>redemptione,</span> 
     </span>
     <span class='ocr_line' id='line_1_15' title="bbox 264 1828 1394 1926; baseline -0.002 -27"><span class='ocrx_word' id='word_1_111' title='bbox 264 1855 371 1926; x_wconf 90' lang='lat' dir='ltr'>quom</span> <span class='ocrx_word' id='word_1_112' title='bbox 392 1831 505 1901; x_wconf 92' lang='lat' dir='ltr'>minus</span> <span class='ocrx_word' id='word_1_113' title='bbox 527 1855 565 1901; x_wconf 89' lang='lat' dir='ltr'>re</span> <span class='ocrx_word' id='word_1_114' title='bbox 587 1828 720 1901; x_wconf 75' lang='lat' dir='ltr'>iachim</span> <span class='ocrx_word' id='word_1_115' title='bbox 746 1854 850 1926; x_wconf 84' lang='lat' dir='ltr'>quam</span> <span class='ocrx_word' id='word_1_116' title='bbox 874 1831 993 1926; x_wconf 76' lang='lat' dir='ltr'>quanti</span> <span class='ocrx_word' id='word_1_117' title='bbox 1013 1840 1159 1902; x_wconf 85' lang='lat' dir='ltr'>constat.</span> <span class='ocrx_word' id='word_1_118' title='bbox 1211 1829 1394 1920; x_wconf 82' lang='lat' dir='ltr'>Lucrum</span> 
     </span>
     <span class='ocr_line' id='line_1_16' title="bbox 264 1931 1392 2030; baseline -0.002 -28"><span class='ocrx_word' id='word_1_119' title='bbox 264 1931 308 2002; x_wconf 82' lang='lat' dir='ltr'>ab</span> <span class='ocrx_word' id='word_1_120' title='bbox 331 1931 472 2024; x_wconf 77' lang='lat' dir='ltr'>luendo,</span> <span class='ocrx_word' id='word_1_121' title='bbox 500 1933 529 2002; x_wconf 90' lang='lat' dir='ltr'>si</span> <span class='ocrx_word' id='word_1_122' title='bbox 554 1931 714 2028; x_wconf 85' lang='lat' dir='ltr'>emplius,</span> <span class='ocrx_word' id='word_1_123' title='bbox 743 1955 848 2030; x_wconf 83' lang='lat' dir='ltr'>quem</span> <span class='ocrx_word' id='word_1_124' title='bbox 869 1942 909 2002; x_wconf 91' lang='lat' dir='ltr'>ut</span> <span class='ocrx_word' id='word_1_125' title='bbox 933 1931 1126 2004; x_wconf 85' lang='lat' dir='ltr'>exsolveret</span> <span class='ocrx_word' id='word_1_126' title='bbox 1150 1932 1392 2029; x_wconf 80' lang='lat' dir='ltr'>qnaniiesset,</span> 
     </span>
     <span class='ocr_line' id='line_1_17' title="bbox 265 2032 1395 2130; baseline -0.004 -25"><span class='ocrx_word' id='word_1_127' title='bbox 265 2045 418 2130; x_wconf 80' lang='lat' dir='ltr'>captum.</span> <span class='ocrx_word' id='word_1_128' title='bbox 487 2034 821 2105; x_wconf 82' lang='lat' dir='ltr'>Detrimentum</span> <span class='ocrx_word' id='word_1_129' title='bbox 861 2059 881 2104; x_wconf 84' lang='lat' dir='ltr'>e</span> <span class='ocrx_word' id='word_1_130' title='bbox 915 2032 1063 2121; x_wconf 87' lang='lat' dir='ltr'>detritu,</span> <span class='ocrx_word' id='word_1_131' title='bbox 1105 2032 1199 2130; x_wconf 89' lang='lat' dir='ltr'>quod</span> <span class='ocrx_word' id='word_1_132' title='bbox 1231 2057 1273 2103; x_wconf 83' lang='lat' dir='ltr'>eu</span> <span class='ocrx_word' id='word_1_133' title='bbox 1308 2057 1395 2128; x_wconf 83' lang='lat' dir='ltr'>qnae</span> 
     </span>
     <span class='ocr_line' id='line_1_18' title="bbox 265 2130 1395 2232; baseline -0.001 -28"><span class='ocrx_word' id='word_1_134' title='bbox 265 2136 348 2206; x_wconf 84' lang='lat' dir='ltr'>trita</span> <span class='ocrx_word' id='word_1_135' title='bbox 372 2136 515 2206; x_wconf 89' lang='lat' dir='ltr'>minoris</span> <span class='ocrx_word' id='word_1_136' title='bbox 540 2137 654 2232; x_wconf 89' lang='lat' dir='ltr'>pretii.</span> <span class='ocrx_word' id='word_1_137' title='bbox 708 2130 770 2207; x_wconf 77' lang='lat' dir='ltr'>Ab</span> <span class='ocrx_word' id='word_1_138' title='bbox 796 2134 915 2206; x_wconf 85' lang='lat' dir='ltr'>eadem</span> <span class='ocrx_word' id='word_1_139' title='bbox 945 2145 1058 2207; x_wconf 90' lang='lat' dir='ltr'>mente</span> <span class='ocrx_word' id='word_1_140' title='bbox 1091 2136 1395 2207; x_wconf 86' lang='lat' dir='ltr'>intertrimen-</span> 
     </span>
     <span class='ocr_line' id='line_1_19' title="bbox 263 2234 1426 2336; baseline 0.001 -30"><span class='ocrx_word' id='word_1_141' title='bbox 263 2247 352 2308; x_wconf 85' lang='lat' dir='ltr'>tum</span> <span class='ocrx_word' id='word_1_142' title='bbox 372 2234 416 2308; x_wconf 79' lang='lat' dir='ltr'>ab</span> <span class='ocrx_word' id='word_1_143' title='bbox 436 2263 489 2329; x_wconf 80' lang='lat' dir='ltr'>eo,</span> <span class='ocrx_word' id='word_1_144' title='bbox 517 2236 611 2334; x_wconf 87' lang='lat' dir='ltr'>quod</span> <span class='ocrx_word' id='word_1_145' title='bbox 636 2236 720 2330; x_wconf 78' lang='lat' dir='ltr'>duo,</span> <span class='ocrx_word' id='word_1_146' title='bbox 748 2262 837 2334; x_wconf 79' lang='lat' dir='ltr'>quse</span> <span class='ocrx_word' id='word_1_147' title='bbox 859 2239 1121 2330; x_wconf 73' lang='lat' dir='ltr'>interminio,</span> <span class='ocrx_word' id='word_1_148' title='bbox 1147 2249 1182 2309; x_wconf 84' lang='lat' dir='ltr'>et</span> <span class='ocrx_word' id='word_1_149' title='bbox 1200 2235 1393 2329; x_wconf 81' lang='lat' dir='ltr'>deminuta3</span> <span class='ocrx_word' id='word_1_150' title='bbox 1425 2333 1426 2336; x_wconf 8' lang='grc' dir='ltr'><strong>Ἴ</strong></span> 
     </span>
     <span class='ocr_line' id='line_1_20' title="bbox 264 2337 1426 2438; baseline 0 -31"><span class='ocrx_word' id='word_1_151' title='bbox 264 2363 284 2407; x_wconf 84' lang='lat' dir='ltr'>a</span> <span class='ocrx_word' id='word_1_152' title='bbox 310 2364 381 2437; x_wconf 88' lang='lat' dir='ltr'>quo</span> <span class='ocrx_word' id='word_1_153' title='bbox 408 2340 510 2411; x_wconf 82' lang='lat' dir='ltr'>etiam</span> <span class='ocrx_word' id='word_1_154' title='bbox 534 2341 780 2438; x_wconf 71' lang='lat' dir='ltr'>intertrigo</span> <span class='ocrx_word' id='word_1_155' title='bbox 806 2337 910 2411; x_wconf 85' lang='lat' dir='ltr'>dicta.</span> <span class='ocrx_word' id='word_1_156' title='bbox 1425 2351 1426 2354; x_wconf 75' lang='grc'>’</span> 
     </span>
    </p>
   </div>
   <div class='ocr_carea' id='block_1_4' title="bbox 263 2451 1396 2687">
    <p class='ocr_par' dir='ltr' id='par_1_5' title="bbox 263 2451 1396 2687">
     <span class='ocr_line' id='line_1_21' title="bbox 376 2451 1396 2585; baseline 0.001 -31"><span class='ocrx_word' id='word_1_157' title='bbox 376 2480 471 2556; x_wconf 93' lang='grc'><strong>177.</strong></span> <span class='ocrx_word' id='word_1_158' title='bbox 510 2483 659 2558; x_wconf 84' lang='lat' dir='ltr'>Multa</span> <span class='ocrx_word' id='word_1_159' title='bbox 683 2489 831 2583; x_wconf 86' lang='lat' dir='ltr'>pecunia</span> <span class='ocrx_word' id='word_1_160' title='bbox 853 2513 942 2585; x_wconf 81' lang='lat' dir='ltr'>quae</span> <span class='ocrx_word' id='word_1_161' title='bbox 966 2451 1214 2584; x_wconf 58' lang='lat' dir='ltr'>afmag&#39;tstratu</span> <span class='ocrx_word' id='word_1_162' title='bbox 1239 2483 1334 2556; x_wconf 84' lang='lat' dir='ltr'>dieta</span> <span class='ocrx_word' id='word_1_163' title='bbox 1358 2493 1396 2555; x_wconf 91' lang='lat' dir='ltr'>ut</span> 
     </span>
     <span class='ocr_line' id='line_1_22' title="bbox 263 2586 1394 2687; baseline 0 -29"><span class='ocrx_word' id='word_1_164' title='bbox 263 2586 355 2685; x_wconf 70' lang='lat' dir='ltr'>exigi</span> <span class='ocrx_word' id='word_1_165' title='bbox 371 2598 492 2684; x_wconf 90' lang='lat' dir='ltr'>posset</span> <span class='ocrx_word' id='word_1_166' title='bbox 504 2586 549 2659; x_wconf 91' lang='lat' dir='ltr'>ob</span> <span class='ocrx_word' id='word_1_167' title='bbox 569 2600 765 2686; x_wconf 79' lang='lat' dir='ltr'>peecatum,</span> <span class='ocrx_word' id='word_1_168' title='bbox 782 2589 877 2687; x_wconf 90' lang='lat' dir='ltr'>quod</span> <span class='ocrx_word' id='word_1_169' title='bbox 894 2588 1051 2687; x_wconf 72' lang='lat' dir='ltr'>singultit</span> <span class='ocrx_word' id='word_1_170' title='bbox 1066 2588 1230 2660; x_wconf 87' lang='lat' dir='ltr'>dicuntur</span> <span class='ocrx_word' id='word_1_171' title='bbox 1244 2586 1394 2659; x_wconf 64' lang='lat' dir='ltr'>additae·</span> 
     </span>
    </p>
   </div>
   <div class='ocr_carea' id='block_1_5' title="bbox 263 2789 1425 3022">
    <p class='ocr_par' dir='ltr' id='par_1_6' title="bbox 263 2789 1425 3022">
     <span class='ocr_line' id='line_1_23' title="bbox 266 2789 1425 2880; baseline 0.001 -20"><span class='ocrx_word' id='word_1_172' title='bbox 266 2793 324 2860; x_wconf 69' lang='lat' dir='ltr'>esde</span> <span class='ocrx_word' id='word_1_173' title='bbox 342 2808 391 2862; x_wconf 87' lang='lat' dir='ltr'>nisi</span> <span class='ocrx_word' id='word_1_174' title='bbox 410 2825 458 2878; x_wconf 89' lang='lat' dir='ltr'>pro</span> <span class='ocrx_word' id='word_1_175' title='bbox 477 2809 609 2880; x_wconf 83' lang='lat' dir='ltr'>dupondio</span> <span class='ocrx_word' id='word_1_176' title='bbox 632 2819 659 2862; x_wconf 80' lang='lat' dir='ltr'>et</span> <span class='ocrx_word' id='word_1_177' title='bbox 684 2811 788 2862; x_wconf 85' lang='lat' dir='ltr'>semisse</span> <span class='ocrx_word' id='word_1_178' title='bbox 814 2810 901 2864; x_wconf 85' lang='lat' dir='ltr'>dicere</span> <span class='ocrx_word' id='word_1_179' title='bbox 924 2811 1035 2864; x_wconf 80' lang='lat' dir='ltr'>tertium</span> <span class='ocrx_word' id='word_1_180' title='bbox 1059 2809 1204 2876; x_wconf 76' lang='lat' dir='ltr'>semissem,</span> <span class='ocrx_word' id='word_1_181' title='bbox 1229 2826 1278 2880; x_wconf 89' lang='lat' dir='ltr'>pro</span> <span class='ocrx_word' id='word_1_182' title='bbox 1298 2810 1396 2863; x_wconf 86' lang='lat' dir='ltr'>duobus</span> <span class='ocrx_word' id='word_1_183' title='bbox 1424 2789 1425 2837; x_wconf 48' lang='lat'><em>3</em></span> 
     </span>
     <span class='ocr_line' id='line_1_24' title="bbox 264 2881 1396 2950; baseline 0.002 -20"><span class='ocrx_word' id='word_1_184' title='bbox 264 2881 365 2932; x_wconf 83' lang='lat' dir='ltr'>ossibus</span> <span class='ocrx_word' id='word_1_185' title='bbox 380 2885 407 2933; x_wconf 87' lang='lat' dir='ltr'>et</span> <span class='ocrx_word' id='word_1_186' title='bbox 425 2884 519 2936; x_wconf 87' lang='lat' dir='ltr'>triente</span> <span class='ocrx_word' id='word_1_187' title='bbox 537 2883 641 2936; x_wconf 86' lang='lat' dir='ltr'>tertium</span> <span class='ocrx_word' id='word_1_188' title='bbox 658 2885 778 2936; x_wconf 84' lang='lat' dir='ltr'>trientem</span> <span class='ocrx_word' id='word_1_189' title='bbox 791 2890 818 2936; x_wconf 89' lang='lat' dir='ltr'>et</span> <span class='ocrx_word' id='word_1_190' title='bbox 831 2883 933 2938; x_wconf 79' lang='lat' dir='ltr'>similia.</span> <span class='ocrx_word' id='word_1_191' title='bbox 1049 2883 1199 2950; x_wconf 84' lang='lat' dir='ltr'>sestertius]</span> <span class='ocrx_word' id='word_1_192' title='bbox 1218 2899 1252 2934; x_wconf 85' lang='lat' dir='ltr'>ex</span> <span class='ocrx_word' id='word_1_193' title='bbox 1263 2883 1396 2936; x_wconf 85' lang='lat' dir='ltr'>Priscieno</span> 
     </span>
     <span class='ocr_line' id='line_1_25' title="bbox 263 2952 545 3022; baseline 0.014 -20"><span class='ocrx_word' id='word_1_194' title='bbox 263 2952 362 3005; x_wconf 79' lang='lat' dir='ltr'>addidit</span> <span class='ocrx_word' id='word_1_195' title='bbox 380 2953 545 3022; x_wconf 81' lang='lat' dir='ltr'>Spengelius.</span> 
     </span>
    </p>
   </div>
   <div class='ocr_carea' id='block_1_6' title="bbox 264 3055 1398 3354">
    <p class='ocr_par' dir='ltr' id='par_1_7' title="bbox 264 3055 1398 3354">
     <span class='ocr_line' id='line_1_26' title="bbox 377 3055 1396 3140; baseline -0.001 -20"><span class='ocrx_word' id='word_1_196' title='bbox 377 3055 449 3122; x_wconf 80' lang='grc'><strong>174.</strong></span> <span class='ocrx_word' id='word_1_197' title='bbox 477 3070 571 3138; x_wconf 54' lang='lat' dir='ltr'>aeris]</span> <span class='ocrx_word' id='word_1_198' title='bbox 597 3069 745 3140; x_wconf 83' lang='lat' dir='ltr'>Scioppius.</span> <span class='ocrx_word' id='word_1_199' title='bbox 791 3087 823 3122; x_wconf 82' lang='lat' dir='ltr'>cs</span> <span class='ocrx_word' id='word_1_200' title='bbox 848 3069 923 3123; x_wconf 89' lang='lat' dir='ltr'>codd.</span> <span class='ocrx_word' id='word_1_201' title='bbox 972 3070 1095 3123; x_wconf 81' lang='lat' dir='ltr'>Fortasse</span> <span class='ocrx_word' id='word_1_202' title='bbox 1120 3088 1166 3121; x_wconf 82' lang='lat' dir='ltr'>aes</span> <span class='ocrx_word' id='word_1_203' title='bbox 1190 3070 1267 3123; x_wconf 82' lang='lat' dir='ltr'>scribi</span> <span class='ocrx_word' id='word_1_204' title='bbox 1293 3071 1396 3138; x_wconf 82' lang='lat' dir='ltr'>poterit</span> 
     </span>
     <span class='ocr_line' id='line_1_27' title="bbox 264 3138 1398 3210; baseline 0.004 -23"><span class='ocrx_word' id='word_1_205' title='bbox 264 3138 375 3206; x_wconf 55' lang='lat' dir='ltr'>unciis]</span> <span class='ocrx_word' id='word_1_206' title='bbox 395 3142 481 3193; x_wconf 85' lang='lat' dir='ltr'>unciis</span> <span class='ocrx_word' id='word_1_207' title='bbox 500 3142 573 3210; x_wconf 83' lang='lat' dir='ltr'>quod</span> <span class='ocrx_word' id='word_1_208' title='bbox 588 3142 663 3194; x_wconf 88' lang='lat' dir='ltr'>codd.</span> <span class='ocrx_word' id='word_1_209' title='bbox 700 3142 835 3195; x_wconf 84' lang='lat' dir='ltr'>Posterius</span> <span class='ocrx_word' id='word_1_210' title='bbox 853 3142 1005 3194; x_wconf 78' lang='lat' dir='ltr'>vocabulum</span> <span class='ocrx_word' id='word_1_211' title='bbox 1023 3143 1113 3207; x_wconf 88' lang='lat' dir='ltr'>omisi,</span> <span class='ocrx_word' id='word_1_212' title='bbox 1133 3157 1278 3210; x_wconf 82' lang='lat' dir='ltr'>quenquam</span> <span class='ocrx_word' id='word_1_213' title='bbox 1289 3141 1398 3195; x_wconf 65' lang='lat' dir='ltr'>fortene</span> 
     </span>
     <span class='ocr_line' id='line_1_28' title="bbox 264 3209 1396 3283; baseline 0.001 -23"><span class='ocrx_word' id='word_1_214' title='bbox 264 3209 313 3261; x_wconf 91' lang='lat' dir='ltr'>boc</span> <span class='ocrx_word' id='word_1_215' title='bbox 326 3212 436 3278; x_wconf 84' lang='lat' dir='ltr'>vestigio</span> <span class='ocrx_word' id='word_1_216' title='bbox 452 3212 525 3281; x_wconf 85' lang='lat' dir='ltr'>plura</span> <span class='ocrx_word' id='word_1_217' title='bbox 539 3215 666 3266; x_wconf 86' lang='lat' dir='ltr'>excidisse</span> <span class='ocrx_word' id='word_1_218' title='bbox 681 3213 887 3283; x_wconf 78' lang='lat' dir='ltr'>deprehenditur.</span> <span class='ocrx_word' id='word_1_219' title='bbox 912 3213 977 3266; x_wconf 91' lang='lat' dir='ltr'>Post</span> <span class='ocrx_word' id='word_1_220' title='bbox 989 3213 1012 3265; x_wconf 93' lang='lat' dir='ltr'>b.</span> <span class='ocrx_word' id='word_1_221' title='bbox 1021 3230 1044 3265; x_wconf 88' lang='lat' dir='ltr'>r.</span> <span class='ocrx_word' id='word_1_222' title='bbox 1056 3215 1211 3282; x_wconf 87' lang='lat' dir='ltr'>interpunxi.</span> <span class='ocrx_word' id='word_1_223' title='bbox 1296 3212 1396 3278; x_wconf 83' lang='lat' dir='ltr'>eadem]</span> 
     </span>
     <span class='ocr_line' id='line_1_29' title="bbox 264 3281 1228 3354; baseline 0.003 -20"><span class='ocrx_word' id='word_1_224' title='bbox 264 3281 335 3348; x_wconf 90' lang='lat' dir='ltr'>quod</span> <span class='ocrx_word' id='word_1_225' title='bbox 352 3289 430 3335; x_wconf 78' lang='lat' dir='ltr'>antee</span> <span class='ocrx_word' id='word_1_226' title='bbox 445 3300 503 3336; x_wconf 86' lang='lat' dir='ltr'>curn</span> <span class='ocrx_word' id='word_1_227' title='bbox 521 3286 688 3350; x_wconf 84' lang='lat' dir='ltr'>sequentibus</span> <span class='ocrx_word' id='word_1_228' title='bbox 705 3286 874 3354; x_wconf 74' lang='lat' dir='ltr'>tingebatur,</span> <span class='ocrx_word' id='word_1_229' title='bbox 893 3301 960 3338; x_wconf 87' lang='lat' dir='ltr'>nunc</span> <span class='ocrx_word' id='word_1_230' title='bbox 978 3284 1010 3336; x_wconf 84' lang='lat' dir='ltr'>ad</span> <span class='ocrx_word' id='word_1_231' title='bbox 1028 3286 1115 3353; x_wconf 79' lang='lat' dir='ltr'>priore</span> <span class='ocrx_word' id='word_1_232' title='bbox 1133 3286 1228 3338; x_wconf 86' lang='lat' dir='ltr'>rettuli.</span> 
     </span>
    </p>
   </div>
   <div class='ocr_carea' id='block_1_7' title="bbox 233 3395 1398 3835">
    <p class='ocr_par' dir='ltr' id='par_1_8' title="bbox 233 3395 1398 3835">
     <span class='ocr_line' id='line_1_30' title="bbox 233 3395 1398 3476; baseline 0.002 -16"><span class='ocrx_word' id='word_1_233' title='bbox 233 3455 237 3466; x_wconf 91' lang='grc'><em>,</em></span> <span class='ocrx_word' id='word_1_234' title='bbox 378 3395 450 3461; x_wconf 81' lang='grc'><strong>175.</strong></span> <span class='ocrx_word' id='word_1_235' title='bbox 473 3407 769 3476; x_wconf 65' lang='lat' dir='ltr'>rssnnomouflr.</span> <span class='ocrx_word' id='word_1_236' title='bbox 788 3412 878 3462; x_wconf 72' lang='lat' dir='ltr'>iacun</span> <span class='ocrx_word' id='word_1_237' title='bbox 891 3411 917 3462; x_wconf 76' lang='lat' dir='ltr'>sn</span> <span class='ocrx_word' id='word_1_238' title='bbox 931 3411 1026 3463; x_wconf 73' lang='lat' dir='ltr'>enan.</span> <span class='ocrx_word' id='word_1_239' title='bbox 1063 3418 1096 3460; x_wconf 77' lang='lat' dir='ltr'>ut</span> <span class='ocrx_word' id='word_1_240' title='bbox 1113 3412 1192 3462; x_wconf 66' lang='lat' dir='ltr'>roms</span> <span class='ocrx_word' id='word_1_241' title='bbox 1209 3403 1291 3470; x_wconf 59' lang='lat' dir='ltr'>top..</span> <span class='ocrx_word' id='word_1_242' title='bbox 1304 3409 1398 3476; x_wconf 73' lang='lat' dir='ltr'>scrop-</span> 
     </span>
     <span class='ocr_line' id='line_1_31' title="bbox 266 3475 1397 3550; baseline -0.001 -17"><span class='ocrx_word' id='word_1_243' title='bbox 266 3483 332 3550; x_wconf 86' lang='lat' dir='ltr'>pius.</span> <span class='ocrx_word' id='word_1_244' title='bbox 377 3501 440 3534; x_wconf 84' lang='lat' dir='ltr'>nam</span> <span class='ocrx_word' id='word_1_245' title='bbox 463 3479 559 3530; x_wconf 82' lang='lat' dir='ltr'>Graeci</span> <span class='ocrx_word' id='word_1_246' title='bbox 582 3478 634 3546; x_wconf 84' lang='lat' dir='ltr'>ipsi</span> <span class='ocrx_word' id='word_1_247' title='bbox 658 3475 758 3529; x_wconf 75' lang='grc' dir='ltr'><strong><em>δάνειον</em></strong></span> <span class='ocrx_word' id='word_1_248' title='bbox 782 3482 953 3533; x_wconf 79' lang='lat' dir='ltr'>Buttmannus</span> <span class='ocrx_word' id='word_1_249' title='bbox 981 3483 1102 3550; x_wconf 84' lang='lat' dir='ltr'>proponit</span> <span class='ocrx_word' id='word_1_250' title='bbox 1127 3482 1196 3550; x_wconf 88' lang='lat' dir='ltr'>apud</span> <span class='ocrx_word' id='word_1_251' title='bbox 1220 3482 1397 3550; x_wconf 84' lang='lat' dir='ltr'>Spengetium</span> 
     </span>
     <span class='ocr_line' id='line_1_32' title="bbox 266 3550 1397 3624; baseline -0.001 -20"><span class='ocrx_word' id='word_1_252' title='bbox 266 3552 408 3624; x_wconf 81' lang='lat' dir='ltr'>reliquom]</span> <span class='ocrx_word' id='word_1_253' title='bbox 429 3560 471 3606; x_wconf 86' lang='lat' dir='ltr'>ter</span> <span class='ocrx_word' id='word_1_254' title='bbox 488 3551 585 3618; x_wconf 85' lang='lat' dir='ltr'>scripsi.</span> <span class='ocrx_word' id='word_1_255' title='bbox 622 3550 754 3621; x_wconf 83' lang='lat' dir='ltr'>reliquum</span> <span class='ocrx_word' id='word_1_256' title='bbox 772 3553 868 3618; x_wconf 84' lang='lat' dir='ltr'>ubique</span> <span class='ocrx_word' id='word_1_257' title='bbox 884 3554 960 3606; x_wconf 88' lang='lat' dir='ltr'>codd.</span> <span class='ocrx_word' id='word_1_258' title='bbox 1055 3551 1231 3624; x_wconf 82' lang='lat' dir='ltr'>⁰Rcliquorn]</span> <span class='ocrx_word' id='word_1_259' title='bbox 1250 3553 1397 3619; x_wconf 81' lang='lat' dir='ltr'>intelligen-</span> 
     </span>
     <span class='ocr_line' id='line_1_33' title="bbox 266 3620 1397 3694; baseline 0.001 -19"><span class='ocrx_word' id='word_1_260' title='bbox 266 3623 328 3677; x_wconf 90' lang='lat' dir='ltr'>dum</span> <span class='ocrx_word' id='word_1_261' title='bbox 346 3627 452 3694; x_wconf 90' lang='lat' dir='ltr'>proprio</span> <span class='ocrx_word' id='word_1_262' title='bbox 470 3623 589 3676; x_wconf 79' lang='lat' dir='ltr'>vocabuli</span> <span class='ocrx_word' id='word_1_263' title='bbox 607 3637 671 3686; x_wconf 89' lang='lat' dir='ltr'>usu,</span> <span class='ocrx_word' id='word_1_264' title='bbox 697 3620 729 3672; x_wconf 91' lang='lat' dir='ltr'>de</span> <span class='ocrx_word' id='word_1_265' title='bbox 748 3639 808 3674; x_wconf 88' lang='lat' dir='ltr'>aere</span> <span class='ocrx_word' id='word_1_266' title='bbox 827 3625 918 3676; x_wconf 80' lang='lat' dir='ltr'>alieno.</span> <span class='ocrx_word' id='word_1_267' title='bbox 964 3623 1000 3675; x_wconf 86' lang='lat' dir='ltr'>Et</span> <span class='ocrx_word' id='word_1_268' title='bbox 1019 3623 1056 3675; x_wconf 85' lang='lat' dir='ltr'>sic</span> <span class='ocrx_word' id='word_1_269' title='bbox 1070 3641 1128 3676; x_wconf 89' lang='lat' dir='ltr'>eum</span> <span class='ocrx_word' id='word_1_270' title='bbox 1147 3625 1272 3676; x_wconf 79' lang='lat' dir='ltr'>arrabone</span> <span class='ocrx_word' id='word_1_271' title='bbox 1291 3640 1397 3692; x_wconf 81' lang='lat' dir='ltr'>compo·</span> 
     </span>
     <span class='ocr_line' id='line_1_34' title="bbox 265 3694 1396 3763; baseline 0.002 -17"><span class='ocrx_word' id='word_1_272' title='bbox 265 3696 351 3760; x_wconf 83' lang='lat' dir='ltr'>nitur3</span> <span class='ocrx_word' id='word_1_273' title='bbox 365 3713 438 3754; x_wconf 71' lang='lat' dir='ltr'>,nam</span> <span class='ocrx_word' id='word_1_274' title='bbox 456 3697 488 3748; x_wconf 90' lang='lat' dir='ltr'>de</span> <span class='ocrx_word' id='word_1_275' title='bbox 511 3695 595 3763; x_wconf 87' lang='lat' dir='ltr'>pretio</span> <span class='ocrx_word' id='word_1_276' title='bbox 622 3695 762 3745; x_wconf 88' lang='lat' dir='ltr'>constituto</span> <span class='ocrx_word' id='word_1_277' title='bbox 781 3694 873 3746; x_wconf 81' lang='lat' dir='ltr'>arrabo</span> <span class='ocrx_word' id='word_1_278' title='bbox 899 3697 986 3747; x_wconf 84' lang='lat' dir='ltr'>statim</span> <span class='ocrx_word' id='word_1_279' title='bbox 1013 3700 1068 3747; x_wconf 83' lang='lat' dir='ltr'>erat</span> <span class='ocrx_word' id='word_1_280' title='bbox 1091 3695 1244 3761; x_wconf 86' lang='lat' dir='ltr'>solvendus,</span> <span class='ocrx_word' id='word_1_281' title='bbox 1269 3701 1304 3752; x_wconf 85' lang='lat' dir='ltr'>ut</span> <span class='ocrx_word' id='word_1_282' title='bbox 1319 3699 1396 3748; x_wconf 83' lang='lat' dir='ltr'>etiam</span> 
     </span>
     <span class='ocr_line' id='line_1_35' title="bbox 267 3765 1398 3835; baseline -0.002 -17"><span class='ocrx_word' id='word_1_283' title='bbox 267 3767 407 3834; x_wconf 87' lang='lat' dir='ltr'>reliquom,</span> <span class='ocrx_word' id='word_1_284' title='bbox 424 3767 594 3832; x_wconf 72' lang='lat' dir='ltr'>teretique</span> <span class='ocrx_word' id='word_1_285' title='bbox 611 3781 671 3835; x_wconf 80' lang='lat' dir='ltr'>pars</span> <span class='ocrx_word' id='word_1_286' title='bbox 687 3765 790 3818; x_wconf 78' lang='lat' dir='ltr'>debitae</span> <span class='ocrx_word' id='word_1_287' title='bbox 806 3767 945 3834; x_wconf 82' lang='lat' dir='ltr'>pecuniae,</span> <span class='ocrx_word' id='word_1_288' title='bbox 963 3765 1128 3832; x_wconf 86' lang='lat' dir='ltr'>redderetur,</span> <span class='ocrx_word' id='word_1_289' title='bbox 1145 3768 1171 3819; x_wconf 92' lang='lat' dir='ltr'>id</span> <span class='ocrx_word' id='word_1_290' title='bbox 1187 3773 1231 3834; x_wconf 83' lang='lat' dir='ltr'>¹est</span> <span class='ocrx_word' id='word_1_291' title='bbox 1247 3768 1398 3820; x_wconf 84' lang='lat' dir='ltr'>solveretur.</span> 
     </span>
    </p>
   </div>
   <div class='ocr_carea' id='block_1_8' title="bbox 265 3879 1419 4424">
    <p class='ocr_par' dir='ltr' id='par_1_9' title="bbox 265 3879 1419 4320">
     <span class='ocr_line' id='line_1_36' title="bbox 379 3879 1398 3964; baseline 0.002 -20"><span class='ocrx_word' id='word_1_292' title='bbox 379 3879 451 3945; x_wconf 76' lang='grc'><strong>176.</strong></span> <span class='ocrx_word' id='word_1_293' title='bbox 470 3912 498 3945; x_wconf 89' lang='lat' dir='ltr'>re</span> <span class='ocrx_word' id='word_1_294' title='bbox 510 3893 635 3964; x_wconf 80' lang='lat' dir='ltr'>socium]</span> <span class='ocrx_word' id='word_1_295' title='bbox 652 3893 727 3947; x_wconf 88' lang='lat' dir='ltr'>codd.</span> <span class='ocrx_word' id='word_1_296' title='bbox 764 3893 896 3964; x_wconf 81' lang='lat' dir='ltr'>refectum</span> <span class='ocrx_word' id='word_1_297' title='bbox 909 3895 1053 3948; x_wconf 83' lang='lat' dir='ltr'>Turnebus.</span> <span class='ocrx_word' id='word_1_298' title='bbox 1079 3894 1218 3945; x_wconf 86' lang='lat' dir='ltr'>redactum</span> <span class='ocrx_word' id='word_1_299' title='bbox 1231 3895 1298 3949; x_wconf 86' lang='lat' dir='ltr'>coni.</span> <span class='ocrx_word' id='word_1_300' title='bbox 1312 3895 1398 3964; x_wconf 85' lang='lat' dir='ltr'>Speu-</span> 
     </span>
     <span class='ocr_line' id='line_1_37' title="bbox 267 3963 1399 4036; baseline -0.004 -18"><span class='ocrx_word' id='word_1_301' title='bbox 267 3967 359 4032; x_wconf 80' lang='lat' dir='ltr'>gelius.</span> <span class='ocrx_word' id='word_1_302' title='bbox 407 3966 460 4019; x_wconf 89' lang='lat' dir='ltr'>Sed</span> <span class='ocrx_word' id='word_1_303' title='bbox 485 3981 547 4018; x_wconf 81' lang='lat' dir='ltr'>seno</span> <span class='ocrx_word' id='word_1_304' title='bbox 570 3966 629 4031; x_wconf 83' lang='lat' dir='ltr'>iiia,</span> <span class='ocrx_word' id='word_1_305' title='bbox 655 3981 714 4019; x_wconf 84' lang='lat' dir='ltr'>nem</span> <span class='ocrx_word' id='word_1_306' title='bbox 738 3966 766 4017; x_wconf 69' lang='lat' dir='ltr'>&#39;re</span> <span class='ocrx_word' id='word_1_307' title='bbox 783 3966 896 4036; x_wconf 83' lang='lat' dir='ltr'>factum</span> <span class='ocrx_word' id='word_1_308' title='bbox 920 3968 1010 4019; x_wconf 89' lang='lat' dir='ltr'>eodem</span> <span class='ocrx_word' id='word_1_309' title='bbox 1035 3968 1092 4018; x_wconf 88' lang='lat' dir='ltr'>iure</span> <span class='ocrx_word' id='word_1_310' title='bbox 1116 3966 1225 4031; x_wconf 88' lang='lat' dir='ltr'>dicitur,</span> <span class='ocrx_word' id='word_1_311' title='bbox 1255 3981 1308 4032; x_wconf 87' lang='lat' dir='ltr'>quo</span> <span class='ocrx_word' id='word_1_312' title='bbox 1334 3963 1399 4036; x_wconf 83' lang='lat' dir='ltr'>quid</span> 
     </span>
     <span class='ocr_line' id='line_1_38' title="bbox 266 4036 1397 4107; baseline -0.001 -19"><span class='ocrx_word' id='word_1_313' title='bbox 266 4037 315 4088; x_wconf 75' lang='lat' dir='ltr'>doc</span> <span class='ocrx_word' id='word_1_314' title='bbox 339 4036 442 4088; x_wconf 81' lang='lat' dir='ltr'>domine</span> <span class='ocrx_word' id='word_1_315' title='bbox 462 4037 575 4106; x_wconf 82' lang='lat' dir='ltr'>facies,</span> <span class='ocrx_word' id='word_1_316' title='bbox 602 4036 668 4105; x_wconf 82' lang='lat' dir='ltr'>quid</span> <span class='ocrx_word' id='word_1_317' title='bbox 690 4037 737 4088; x_wconf 87' lang='lat' dir='ltr'>illo</span> <span class='ocrx_word' id='word_1_318' title='bbox 756 4037 826 4105; x_wconf 79' lang='lat' dir='ltr'>fici,</span> <span class='ocrx_word' id='word_1_319' title='bbox 854 4037 924 4107; x_wconf 80' lang='lat' dir='ltr'>apud</span> <span class='ocrx_word' id='word_1_320' title='bbox 951 4039 1118 4103; x_wconf 83' lang='lat' dir='ltr'>Ciceronem,</span> <span class='ocrx_word' id='word_1_321' title='bbox 1143 4045 1171 4090; x_wconf 85' lang='lat' dir='ltr'>et</span> <span class='ocrx_word' id='word_1_322' title='bbox 1192 4037 1284 4090; x_wconf 78' lang='lat' dir='ltr'>similia</span> <span class='ocrx_word' id='word_1_323' title='bbox 1308 4039 1397 4088; x_wconf 82' lang='lat' dir='ltr'>multe.</span> 
     </span>
     <span class='ocr_line' id='line_1_39' title="bbox 265 4107 1419 4178; baseline 0.001 -20"><span class='ocrx_word' id='word_1_324' title='bbox 265 4107 425 4177; x_wconf 78' lang='lat' dir='ltr'>exsolveret]</span> <span class='ocrx_word' id='word_1_325' title='bbox 444 4125 550 4176; x_wconf 86' lang='lat' dir='ltr'>nempe,</span> <span class='ocrx_word' id='word_1_326' title='bbox 569 4109 613 4172; x_wconf 85' lang='lat' dir='ltr'>qui</span> <span class='ocrx_word' id='word_1_327' title='bbox 632 4109 695 4160; x_wconf 85' lang='lat' dir='ltr'>emit</span> <span class='ocrx_word' id='word_1_328' title='bbox 708 4112 763 4162; x_wconf 85' lang='lat' dir='ltr'>sire</span> <span class='ocrx_word' id='word_1_329' title='bbox 781 4110 865 4163; x_wconf 83' lang='lat' dir='ltr'>solvit.</span> <span class='ocrx_word' id='word_1_330' title='bbox 902 4110 942 4163; x_wconf 84' lang='lat' dir='ltr'>Gi.</span> <span class='ocrx_word' id='word_1_331' title='bbox 961 4126 1017 4162; x_wconf 80' lang='lat' dir='ltr'>ann.</span> <span class='ocrx_word' id='word_1_332' title='bbox 1037 4109 1069 4161; x_wconf 84' lang='lat' dir='ltr'>ed</span> <span class='ocrx_word' id='word_1_333' title='bbox 1087 4111 1147 4172; x_wconf 65' lang='grc' dir='ltr'>Μ.</span> <span class='ocrx_word' id='word_1_334' title='bbox 1183 4109 1240 4160; x_wconf 90' lang='lat' dir='ltr'>Nisi</span> <span class='ocrx_word' id='word_1_335' title='bbox 1258 4108 1327 4160; x_wconf 85' lang='lat' dir='ltr'>sorte</span> <span class='ocrx_word' id='word_1_336' title='bbox 1347 4109 1371 4162; x_wconf 90' lang='lat' dir='ltr'>b.</span> <span class='ocrx_word' id='word_1_337' title='bbox 1382 4110 1397 4158; x_wconf 94' lang='grc' dir='ltr'>Ι.</span> <span class='ocrx_word' id='word_1_338' title='bbox 1416 4167 1419 4178; x_wconf 34' lang='lat'><em>¹</em></span> 
     </span>
     <span class='ocr_line' id='line_1_40' title="bbox 265 4178 1399 4254; baseline -0.001 -24"><span class='ocrx_word' id='word_1_339' title='bbox 265 4178 450 4232; x_wconf 72' lang='lat' dir='ltr'>exsolveretur</span> <span class='ocrx_word' id='word_1_340' title='bbox 474 4179 637 4234; x_wconf 83' lang='lat' dir='ltr'>scribendum</span> <span class='ocrx_word' id='word_1_341' title='bbox 656 4186 704 4233; x_wconf 88' lang='lat' dir='ltr'>est.</span> <span class='ocrx_word' id='word_1_342' title='bbox 825 4180 979 4254; x_wconf 79' lang='lat' dir='ltr'>intertrigo]</span> <span class='ocrx_word' id='word_1_343' title='bbox 998 4198 1014 4232; x_wconf 89' lang='lat' dir='ltr'>e</span> <span class='ocrx_word' id='word_1_344' title='bbox 1032 4181 1135 4233; x_wconf 86' lang='lat' dir='ltr'>Bentini</span> <span class='ocrx_word' id='word_1_345' title='bbox 1154 4180 1324 4234; x_wconf 85' lang='lat' dir='ltr'>correctione.</span> <span class='ocrx_word' id='word_1_346' title='bbox 1358 4181 1399 4229; x_wconf 86' lang='lat' dir='ltr'>in-</span> 
     </span>
     <span class='ocr_line' id='line_1_41' title="bbox 267 4249 435 4320; baseline 0.018 -20"><span class='ocrx_word' id='word_1_347' title='bbox 267 4250 340 4320; x_wconf 75' lang='lat' dir='ltr'>trigo</span> <span class='ocrx_word' id='word_1_348' title='bbox 358 4249 435 4303; x_wconf 83' lang='lat' dir='ltr'>c&#39;odd.</span> 
     </span>
    </p>

    <p class='ocr_par' dir='ltr' id='par_1_10' title="bbox 380 4343 1398 4424">
     <span class='ocr_line' id='line_1_42' title="bbox 380 4343 1398 4424; baseline 0.003 -16"><span class='ocrx_word' id='word_1_349' title='bbox 380 4343 452 4410; x_wconf 78' lang='grc'><strong>177.</strong></span> <span class='ocrx_word' id='word_1_350' title='bbox 477 4356 583 4424; x_wconf 80' lang='lat' dir='ltr'>Multa]</span> <span class='ocrx_word' id='word_1_351' title='bbox 593 4357 618 4410; x_wconf 89' lang='lat' dir='ltr'>b.</span> <span class='ocrx_word' id='word_1_352' title='bbox 655 4355 752 4424; x_wconf 63' lang='lat' dir='ltr'>Multa,</span> <span class='ocrx_word' id='word_1_353' title='bbox 768 4376 786 4409; x_wconf 85' lang='lat' dir='ltr'>c</span> <span class='ocrx_word' id='word_1_354' title='bbox 804 4364 865 4414; x_wconf 85' lang='lat' dir='ltr'>cett.</span> <span class='ocrx_word' id='word_1_355' title='bbox 980 4355 1102 4408; x_wconf 80' lang='lat' dir='ltr'>additae*</span> <span class='ocrx_word' id='word_1_356' title='bbox 1120 4360 1188 4424; x_wconf 81' lang='lat' dir='ltr'>esse]</span> <span class='ocrx_word' id='word_1_357' title='bbox 1206 4359 1398 4420; x_wconf 65' lang='lat' dir='ltr'>attenderem,</span> 
     </span>
    </p>
   </div>
   <div class='ocr_carea' id='block_1_9' title="bbox 0 0 1440 4814">
    <p class='ocr_par' dir='ltr' id='par_1_11' title="bbox 0 0 1440 4814">
     <span class='ocr_line' id='line_1_43' title="bbox 0 0 1440 4814; baseline 0 0"><span class='ocrx_word' id='word_1_358' title='bbox 0 0 1440 4814; x_wconf 95' lang='lat' dir='ltr'> </span> 
     </span>
    </p>
   </div>
  </div>
 </body>
</html>
