2890 4820
308 279 363 355 20
634 274 641 302 “
712 297 830 346 stara
862 297 1054 358 orturus.

306 473 437 537 montes
456 458 585 552 habiti,-
617 459 815 559 quodpars
843 454 1065 554 'Oppium
1094 453 1196 551 pars·
1227 449 1425 552 Gespeus

306 591 405 638 mons
431 589 494 635 suo
520 563 662 659 antiquo
686 563 822 633 nomine
844 559 945 631 etiam
970 581 1062 627 nune
1080 557 1123 626 iu
1148 556 1255 628 sacris
1276 557 1423 654 appellu-

305 678 374 739 tur.
427 666 471 736 Iu
496 664 603 735 sacris
625 660 824 761 Argeorum
848 660 1014 756 scripturn
1039 666 1091 728 est
1114 656 1188 727 sicr

418 795 559 888 Oppius
581 817 703 879 mons,
726 793 905 885 princepe
924 787 1091 881 Esquilis
1112 787 1190 855 ouls
1212 787 1332 856 lucum
1346 789 1422 856 Fo-

469 895 642 984 cutalem3
667 895 821 965 sinistra
836 895 898 966 cic
915 889 1113 959 secundum
1136 911 1297 957 moerum
1313 902 1378 962 est.

420 1021 560 1116 Oppius
586 1045 728 1106 meru,-
746 1022 918 1114 terticeps
953 1019 1005 1086 cis
1032 1017 1153 1085 lucum
1177 1017 1419 1110 Exquilinam,

471 1123 656 1191 dexterior
685 1121 746 1191 vic
774 1122 812 1192 in
846 1118 1053 1190 Tabernola
1079 1129 1142 1186 est.

413 1251 554 1346 Oppius
582 1273 698 1338 mons,
724 1251 936 1343 quarticepe
957 1247 1009 1316 cie
1033 1246 1153 1316 lucum
1169 1245 1417 1342 Exquilinam,

463 1353 525 1424 vic
550 1351 738 1420 dexterior
762 1352 801 1450 in
829 1348 1013 1442 Figulinis
1038 1359 1102 1417 est.

414 1479 564 1572 Cespius
586 1501 690 1547 mons
699 1530 712 1563 ,
739 1477 942 1572 quinticeps
963 1476 1016 1544 cis
1049 1477 1170 1544 lucum
1204 1477 1417 1562 Poetelium,

478 1631 513 1646 ..
534 1632 542 1649 .
560 1575 571 1648 .'
591 1628 746 1649 ......
777 1578 985 1672 Exquilinis
1013 1588 1075 1644 est.

414 1705 565 1798 Cespius
596 1728 718 1792 mons,
758 1708 935 1798 sexticepe
970 1705 1075 1799 opud
1109 1704 1235 1772 nectem
1265 1705 1414 1774 Iunonis

465 1808 651 1891 Lucinae,
684 1805 746 1875 ubi
770 1808 976 1876 aeditumue
1000 1803 1134 1874 trabere
1157 1805 1256 1874 solet.

395 1945 460 2020 51.
506 1949 647 2022 Tertiae
687 1950 836 2046 regionis
874 1948 979 2022 colles
1014 1949 1165 2046 quinque
1198 1946 1240 2020 ab
1275 1947 1412 2020 deorum

296 2049 384 2120 fanis
408 2048 581 2148 appellati,
609 2051 727 2147 equis
752 2049 885 2122 nobiles
911 2049 979 2122 duo
1004 2049 1123 2122 eolles.
1176 2049 1411 2124 Viminalis

296 2175 316 2220 a
345 2149 429 2223 Iove
459 2153 621 2244 Vimine,
664 2151 746 2248 quoi
777 2149 825 2222 iti
857 2177 958 2246 arae,
1001 2163 1081 2222 suut
1112 2151 1193 2248 qui,
1235 2150 1330 2247 quod
1366 2151 1410 2221 ibi

296 2251 455 2326 vimiueta
484 2251 625 2327 fuerint.
686 2249 795 2325 Collis
828 2251 1083 2344 Quirinalis
1114 2249 1159 2324 ob
1190 2251 1330 2344 Quirini
1362 2245 1431 2324 fa?

403 2439 454 2504 50.
474 2448 588 2521 *Oppius
596 2450 686 2522 perd]
704 2457 735 2506 ut'
750 2453 895 2518 adderetur,
912 2469 993 2520 poene
1011 2452 1179 2504 necessarium
1194 2448 1281 2503 hebui.
1353 2453 1407 2501 Ex-

294 2523 374 2592 quilis
386 2526 456 2591 culs]
467 2526 606 2578 emendari.
621 2525 729 2578 Accedit
741 2523 850 2576 Bouseu.
865 2543 889 2592 p.
899 2529 958 2576 696,
977 2523 1148 2594 exquilisour's
1156 2523 1187 2574 F.
1206 2520 1378 2591 quilietyoius
1387 2539 1408 2572 a.

293 2594 431 2660 quilisoius
449 2597 482 2646 G.
519 2595 656 2664 quilisorris
674 2613 696 2647 c.
730 2595 869 2670 quilistius
887 2595 911 2646 b.
948 2593 1066 2663 quisoius
1083 2593 1118 2644 H.
1153 2591 1272 2658 Hsumg
1289 2591 1322 2644 de
1341 2595 1405 2644 casi-
1433 2589 1434 2604 ¹

293 2663 340 2714 bus
357 2682 382 2731 p.
397 2668 457 2716 195.
475 2663 523 2714 hoc
540 2672 567 2716 et
585 2667 750 2729 sequentibus
767 2665 830 2717 locis
843 2681 893 2732 pos
913 2664 1072 2716 inserendum
1091 2664 1203 2730 putavit,
1220 2663 1366 2729 intelligens
1382 2671 1407 2716 et

293 2734 348 2800 ipse
366 2735 580 2801 praepositionem
598 2736 695 2786 deesse.
731 2734 784 2788 Sed
802 2734 839 2784 eis
857 2741 883 2786 et
900 2734 958 2785 ouls
976 2736 1068 2787 ceteris
1085 2734 1201 2786 omuibus
1217 2735 1330 2802 aptiora,
1351 2750 1405 2786 eum

292 2801 354 2854 haec
371 2805 480 2855 sacraria
498 2820 513 2856 a
530 2805 691 2872 pontificibus
708 2811 779 2857 certo
797 2803 907 2872 quodam
924 2806 1045 2858 circuitus
1062 2804 1152 2857 ordine
1169 2803 1286 2856 obeundo
1303 2805 1405 2856 tuerint.
1432 2837 1433 2850 ι

291 2872 393 2939 lucum]
409 2891 450 2940 vg.
472 2873 573 2928 ,laeum
590 2875 689 2929 FGHa.
725 2876 812 2926 lotum
830 2876 870 2928 bc.
978 2873 1144 2945 secretalem]
1157 2873 1322 2946 sccultolem
1332 2876 1404 2928 FHc.

286 2942 452 3014 facultatem
469 2945 536 2996 Gsb.
572 2946 611 2997 Cf.
629 2947 710 2998 Solin.
728 2947 754 3012 l,
770 2951 813 3000 26.
851 2945 1013 3016 Tarquinius
1028 2944 1162 3014 Superbus
1176 2943 1339 3012 (habitavit)
1354 2949 1405 2997 Es-

291 3013 381 3083 quiliis
405 3033 489 3084 supra
520 3013 616 3067 clivum
638 3015 758 3068 Pullium
782 3018 821 3067 cd
843 3014 1002 3086 Fugutclem
1031 3015 1135 3081 lucum,
1167 3023 1194 3069 et
1216 3016 1281 3068 iutro
1294 3017 1326 3081 V,
1346 3021 1403 3067 152.

290 3083 346 3148 via]
366 3087 509 3154 Scioppius.
540 3105 607 3157 quoe
625 3087 708 3154 codd,
726 3104 800 3155 quam
814 3088 949 3140 lectionem
961 3087 1072 3139 Buuseu.
1088 3091 1180 3156 pote.
1191 3088 1291 3140 retinet.
1327 3088 1403 3142 Quod

290 3156 403 3218 sequitur
422 3159 447 3207 iu
467 3160 570 3221 vulgata
590 3159 713 3212 lectione:
737 3159 837 3228 Oppius
858 3177 930 3209 mons
954 3155 1068 3227 bicepscs
1093 3157 1216 3226 simplex,
1250 3163 1305 3209 tum
1329 3157 1402 3210 codd.

289 3227 440 3278 auctoritate
466 3227 624 3294 destituitur,
659 3237 712 3282 tum
730 3237 834 3300 propter
852 3247 881 3280 os
899 3231 953 3280 siue
970 3231 1071 3281 nomine
1087 3228 1285 3280 manifestarium
1301 3234 1403 3281 tenetur

290 3295 422 3348 emblema.
453 3296 545 3362 Neque
563 3298 624 3351 milri
646 3301 728 3353 adhuc
747 3301 871 3369 persuasit
894 3301 1005 3352 Buuseu.
1032 3319 1057 3368 p.
1072 3304 1147 3364 696„
1175 3314 1281 3354 neeesse
1299 3308 1402 3352 esseut

289 3367 427 3418 secuudum
451 3383 553 3433 quoque
570 3373 706 3424 sacrarium
723 3374 801 3438 tuerit
825 3374 851 3424 iu
874 3371 968 3438 Oppio.
1003 3372 1109 3424 Poterat
1135 3385 1191 3424 esse
1215 3371 1242 3422 ia
1266 3369 1402 3424 decliviorc

189 3453 192 3468 ¹
291 3438 398 3504 quadam
413 3437 588 3504 Esquiliarum
606 3447 687 3508 parte.
794 3441 1056 3512 ,tertieepscichoni
1082 3440 1297 3508 terticepsoisFa.
1322 3442 1401 3490 terei-

291 3525 350 3575 cepa
364 3508 441 3560 oieb.
468 3511 634 3577 tertocepsois
647 3527 669 3562 c.
739 3511 837 3578 lucum]
848 3529 890 3577 vg.
920 3509 1101 3563 locurnFHac.
1127 3511 1246 3563 lctumb.
1318 3529 1400 3582 quor·

289 3577 370 3646 ticeps
383 3579 431 3644 cis]
441 3581 506 3633 coni.
531 3580 709 3652 quatricepsos
719 3582 777 3634 FH.

801 3581 991 3701 puertieepsois
1003 3585 1037 3636 G.
1062 3581 1245 3663 quadriceps-res
1259 3582 1284 3635 b.
1352 3581 1399 3662 lu-

287 3649 410 3716 cum]vg.
437 3650 525 3702 lacum
539 3653 610 3704 Fue.
637 3650 722 3702 locum
734 3651 769 3702 H.
816 3662 892 3702 otum
907 3669 929 3704 c.
1040 3671 1086 3703 ern
1104 3651 1245 3718 dexterior]
1257 3667 1300 3720 vg.
1327 3669 1400 3704 utum
1429 3683 1430 3699 t

205 3758 207 3764 ,
288 3717 455 3770 dexteriorem
475 3722 549 3774 codd.
642 3721 671 3771 in
687 3720 831 3791 Figult'nis]
849 3723 907 3772 imis
924 3721 1058 3791 Exquiliis
1076 3725 1141 3776 coni.
1170 3722 1281 3776 Bunsen.
1301 3727 1398 3791 p.696.

286 3803 337 3839 uon
355 3790 527 3870 probabiliter.
613 3861 619 3872 ·
640 3792 756 3860 Cespius]
774 3793 839 3874 coni,
858 3799 884 3873 et
902 3794 1001 3874 accedit
1019 3793 1131 3875 Bunseu.
1149 3812 1174 3861 p.
1183 3799 1243 3876 livi.
1279 3795 1398 3874 sceptiua

284 3859 714 4001 fidili?{illlillsslt
730 3949 753 3985 0.
788 3866 1000 4003 tillidi}
1015 3864 1289 4002 Ιῗωῖἕῖἰὶἰηῖῗῗ·
1307 3883 1396 3985 t‘t'z

283 3999 339 4050 FG.
376 3999 460 4050 locum
471 4001 505 4052 H.
546 4001 631 4052 lotum
647 4005 686 4056 bc.
727 4007 770 4054 Lo
784 4021 807 4056 a.
843 4005 962 4058 Laconas
986 4007 1087 4071 signum
1111 4006 1260 4072 interposui.
1283 4006 1395 4058 Buuseu.

281 4073 375 4136 poet.
390 4086 437 4122 scr.
454 4071 588 4142 Exquiliis
608 4083 656 4127 est.
769 4075 887 4142 Cespius]
900 4076 977 4128 Fabc.
1011 4075 1114 4142 seprius
1133 4075 1195 4130 GH.
1306 4077 1395 4126 nedem

281 4139 392 4189 Iunonis
409 4141 539 4209 Lucinae]
558 4143 654 4196 dehac
673 4145 747 4198 ovid.
767 4145 798 4197 F.
816 4145 855 4212 II,
873 4150 933 4198 435.
959 4147 1009 4210 ΙΙΙ,
1026 4149 1087 4199 246.

389 4241 440 4306 51.
465 4256 537 4328 quot]
552 4257 616 4309 conr.
642 4257 799 4326 quotuor.
877 4261 1053 4327 umuuue.
1067 4266 1149 4328 utvg.
1176 4260 1355 4314 erumnam
1369 4261 1393 4311 o.

279 4325 390 4380 Turueb.
410 4330 566 4403 Augustinus
584 4343 617 4380 ex
634 4327 711 4382 libris.
747 4330 872 4382 cimitata
889 4348 912 4384 a.
951 4331 1047 4384 rimmo
1065 4338 1126 4387 cett.
1238 4329 1281 4398 ob]
1298 4330 1391 4393 addidi,
