2864 4814
261 243 340 316 128
647 267 767 326 praru
795 265 1009 312 sarranis,

233 424 238 432 ’
262 428 443 530 Aequor
469 454 566 502 mare
590 428 822 526 appellatum,
851 428 945 527 quod
969 438 1154 526 aequatum
1176 456 1282 528 quom
1306 458 1390 503 com·

263 544 395 606 motum
421 542 526 604 vento
556 541 717 602 nonest.
786 533 917 605 Ratis
946 530 1192 630 noviomagum
1217 531 1327 626 dixit,
1364 529 1416 604 utx

262 636 418 708 Naevius
440 660 546 733 quom
568 634 634 704 ait:

207 772 255 816 309
547 737 644 806 ruore*
661 737 775 828 serre
806 749 943 832 queant
969 751 1089 807 rotem
1116 751 1310 826 aeratam,
1342 743 1394 832 qui

367 843 445 912 Per
463 840 664 934 liquidum*
676 864 782 908 mure
799 842 977 908 sudantes
995 851 1081 929 euru
1098 853 1208 932 utque
1224 844 1394 910 sedentes.
1416 834 1417 898 i

197 939 366 1051 «mlieris
391 959 483 1031 dicta
507 958 606 1030 navis
631 955 736 1054 longa
758 928 901 1055 propte}
925 985 1060 1050 remos,
1096 957 1190 1054 quod
1215 959 1262 1051 ii,
1298 986 1394 1056 quom

266 1091 329 1162 per
354 1078 479 1158 aquam
510 1057 639 1130 sublati
668 1071 749 1130 sunt
781 1059 901 1133 dextra
935 1073 970 1132 et
1004 1061 1164 1150 sinistra,
1201 1060 1290 1132 duas
1323 1065 1395 1132 rutis

267 1165 403 1238 efficere
427 1161 609 1252 videntur3
650 1163 868 1253 musenim,
897 1162 990 1234 unde
1014 1162 1082 1233 hoe
1107 1162 1295 1254 tralatum,
1332 1163 1393 1234 illie

267 1266 328 1338 ubi
368 1264 484 1365 plures
526 1263 609 1333 muli
650 1274 710 1333 aut
750 1289 885 1335 asseres
919 1263 1053 1366 [iuncti
1085 1289 1175 1360 equa
1209 1264 1390 1336 ducuntur.

266 1368 365 1440 Hine
388 1364 569 1450 naviculae
595 1389 674 1435 cum
701 1367 803 1436 remis
828 1368 986 1439 retiariae
1012 1361 1208 1466 dicuntum]

208 1563 257 1605 s1o
417 1585 420 1592 .
501 1525 577 1594 Hic
613 1525 715 1592 deest
746 1527 785 1596 iu
815 1526 1019 1620 exemplari
1037 1526 1180 1617 solium
1207 1551 1333 1594 rerzuur.

213 1620 258 1633 ..-

232 1680 260 1752 5
369 1668 440 1742 21.
471 1725 480 1742 .
507 1724 516 1741 .
544 1657 783 1771 ‚agrestis
806 1673 850 1745 ab
878 1698 977 1771 agro.
1030 1672 1155 1744 Dictus
1180 1683 1325 1769 apparet
1346 1672 1396 1742 in·

270 1772 462 1845 fulatas'
498 1772 649 1866 hostias,
685 1772 780 1872 quod
813 1777 1027 1866 velamenta,
1066 1773 1122 1847 bis
1154 1800 1174 1846 e
1205 1773 1287 1844 lana
1320 1797 1396 1868 quae

269 1873 465 2051 qqirolllqlqtum
509 1873 651 1947 infulae.
720 1876 845 1973 Itaque
881 1887 954 1948 tum
990 1875 1085 1974 quod
1124 1875 1170 1948 ad
1208 1874 1397 1973 sepulcrum

628 2114 631 2122 .
657 2052 843 2142 frondem
873 2075 918 2122 ue
953 2051 1076 2144 flores
1112 2053 1284 2142 audiuit,-

139 2250 144 2257 ἡ
211 2194 262 2262 ³31.
343 2154 429 2222 Nou
457 2153 587 2239 lunas,
626 2156 693 2224 secl
726 2157 868 2226 uelatus
893 2155 1116 2246 frondentis
1148 2179 1282 2226 cornus.

273 2375 324 2414 non
341 2360 447 2428 ignoro,
467 2360 599 2414 doctrinae
619 2369 740 2430 receptae
764 2363 801 2416 sic
819 2379 870 2418 uon
889 2365 973 2416 omnia
990 2361 1135 2416 convenire.
1287 2355 1397 2428 Aequor]

274 2447 317 2499 vg.
347 2449 397 2484 om.
410 2431 485 2487 codd.
521 2434 594 2485 Loco
612 2441 701 2486 nostro
719 2437 800 2487 utitur
818 2437 919 2504 Apulei.
938 2437 971 2487 de
989 2435 1139 2504 dipbthoug.
1158 2436 1184 2486 9.
1201 2449 1226 2499 p.
1236 2433 1301 2484 128.
1315 2431 1398 2482 Osann.
1419 2404 1420 2458 i

274 2501 382 2572 longor]
402 2507 469 2556 coni.
507 2503 589 2575 longa
606 2506 681 2558 codd.
726 2506 827 2575 Nempe
846 2508 915 2557 ratis
933 2508 1070 2560 accusandi
1088 2505 1150 2558 eisu
1168 2504 1244 2572 poni,
1268 2517 1322 2553 non
1338 2499 1398 2552 vide·
1419 2459 1420 2552 i

274 2581 334 2626 runt
351 2575 456 2628 librarii.
569 2578 640 2626 non*
652 2576 730 2644 serre
749 2579 860 2647 queant]
880 2579 947 2629 coni.
984 2578 1156 2650 conferreque
1174 2584 1225 2625 out
1243 2574 1321 2626 codd.
1356 2568 1398 2623 Sed

257 2635 264 2666 ¹
275 2648 301 2696 ln
316 2646 431 2697 Turnebi
449 2645 538 2698 codice
562 2649 697 2713 perspicue
721 2649 845 2716 scripturn
864 2654 920 2700 erat
939 2649 1060 2718 conferre
1082 2655 1190 2717 queunt.
1241 2677 1244 2684 ·
1356 2645 1400 2692 Per

276 2715 429 2786 liquidum]
444 2717 535 2783 scripsi
553 2715 600 2769 hae
618 2719 644 2768 iu
661 2735 690 2770 re
708 2719 846 2772 obsecutus
864 2720 1007 2786 Scaligero.
1041 2722 1114 2789 perit
1132 2715 1222 2788 (perit
1240 2714 1281 2782 b.)
1299 2723 1328 2764 er
1345 2713 1398 2779 (0111Ι

277 2786 316 2854 1.)
336 2787 384 2857 qui
404 2787 466 2837 dum
484 2787 559 2840 codd.
596 2789 674 2842 Meae
692 2791 810 2843 lectionis
827 2807 917 2843 sensus
934 2799 1039 2861 apertus
1057 2797 1111 2855 est;
1135 2789 1284 2844 Saturnium
1303 2793 1398 2840 metrum
1418 2789 1420 2804 ⁴

276 2858 314 2911 sio
332 2859 481 2928 apparebit:
528 2874 534 2884 ’
789 2901 838 2930 Α
926 2891 934 2906 .

444 2951 463 2990 υ
473 2957 508 2968 -
520 2951 539 2990 υ
548 2957 583 2968 -
600 2948 653 2982 non
664 2929 743 3001 ferre
761 2942 863 3002 queunt
880 2942 966 2984 ratem
984 2941 1105 2984 aeratam
1124 2929 1171 3000 qui

443 3005 497 3055 Per
514 2999 647 3072 liquidum
665 3021 737 3054 mure
753 3004 884 3056 sudantes
902 3014 990 3076 utque.
1002 3011 1067 3055 eunt
1084 3001 1214 3054 sedentes.

281 3092 369 3145 Locus
394 3091 435 3144 bic
450 3094 571 3160 volgatae
595 3094 713 3144 lectionis
740 3110 829 3148 errore
854 3095 920 3162 ipter
947 3093 1064 3145 Enniana
1089 3094 1156 3145 solet
1178 3091 1274 3144 haberi.
1327 3086 1394 3141 Ennii

277 3165 368 3215 Arnai.
387 3165 405 3216 l.
423 3164 488 3228 Vll,
506 3167 550 3218 tr.
569 3181 593 3230 p.
605 3169 649 3217 98.
666 3163 700 3218 Ε.
716 3165 744 3216 S.
913 3165 994 3228 rotis]
1013 3165 1112 3232 scripsi.
1155 3173 1229 3215 rates
1251 3163 1357 3214 Servius
1372 3156 1397 3209 ad

276 3237 342 3287 Aen,
360 3234 381 3298 1,
399 3235 444 3284 43.
463 3252 489 3301 p.
502 3239 545 3286 17.
565 3235 605 3287 ed.
624 3237 700 3288 Lion.
717 3236 822 3302 parteis
840 3237 963 3288 Varronis
982 3236 1057 3288 codd.
1238 3233 1322 3298 rutis]
1338 3228 1400 3283 codd

277 3314 351 3356 rates
370 3305 483 3357 Servius.
622 3317 675 3356 our
693 3309 807 3372 asseres]
826 3308 901 3360 codd.
919 3315 1025 3375 praeter
1042 3307 1076 3358 H.
1095 3307 1139 3373 qui
1158 3315 1191 3356 ut
1208 3319 1326 3369 asseres,
1344 3309 1367 3354 et
1382 3301 1400 3350 b.

277 3378 321 3442 qui
338 3386 370 3426 ut
388 3377 470 3428 solum
488 3373 574 3427 habet.
610 3377 654 3426 uel
670 3377 759 3428 trabes
777 3381 891 3431 Servius.
1019 3378 1116 3443 [iuncti
1134 3415 1165 3429 ..
1235 3413 1241 3425 .
1263 3369 1400 3448 dicuntur]

275 3447 352 3500 Haeo
378 3447 463 3499 addidi
488 3447 646 3514 essurio,
675 3451 718 3515 qui
743 3455 826 3502 totum
851 3451 974 3503 Varronis
999 3451 1084 3501 locum
1108 3449 1168 3500 inde
1187 3466 1202 3500 a
1220 3447 1321 3498 verbisr
1344 3451 1400 3495 reru

279 3519 353 3567 dicta
376 3518 468 3570 reddit.
512 3519 616 3570 Monuit
639 3520 690 3570 iam
714 3521 746 3572 de
765 3537 797 3572 ea
820 3536 849 3574 re
867 3521 987 3587 Scaliger
1010 3522 1043 3572 ad
1069 3521 1140 3572 Fest.
1159 3539 1184 3587 p.
1198 3525 1262 3580 ¹640.
1280 3517 1401 3573 Lindem.,

278 3604 361 3658 nuper
378 3591 502 3657 Spengel.
521 3589 629 3642 Emend.
648 3593 757 3644 Varron.
776 3609 800 3660 p.
813 3595 838 3645 3.
875 3593 916 3644 Cs.
935 3608 994 3644 cum
1012 3591 1061 3644 boo
1079 3591 1137 3644 loco
1156 3591 1250 3643 Festus
1267 3605 1289 3641 s.
1304 3605 1328 3641 v.
1346 3593 1401 3639 rates

280 3679 304 3728 p.
322 3665 381 3713 1³6.
399 3665 461 3714 227.
486 3661 604 3714 Lindem.
758 3660 902 3728 retiariae]
921 3665 989 3716 coni.
1018 3665 1181 3717 Burmannus
1206 3677 1253 3730 pro
1271 3657 1402 3712 retiariu-

278 3732 412 3782 Rarcriae
430 3739 470 3785 est
488 3732 556 3801 apud
574 3733 689 3785 Gellium
707 3731 747 3797 X,
766 3737 810 3785 25.
829 3749 871 3790 ex.
1185 3775 1189 3782 -

357 3803 413 3852 Hic
430 3804 514 3870 deest]
532 3804 605 3856 Haec
623 3805 654 3856 F.
672 3811 699 3856 et
717 3821 740 3856 a.
758 3805 785 3856 in
802 3822 883 3872 marg.
903 3811 930 3856 et
948 3805 1132 3859 Ambrosianus
1149 3804 1241 3858 codex.
1277 3803 1403 3854 luerem·

276 3871 352 3941 plari
375 3873 466 3940 deficit
484 3893 568 3924 unum
587 3871 690 3944 solium
714 3877 870 3928 Mutinensis
896 3877 969 3928 liber.
988 3879 1113 3930 Similiter
1130 3877 1166 3930 H.
1190 3875 1402 3940 ettvaticmueo

279 3943 339 3997 Hac
357 3945 382 3996 in
401 3947 509 4012 pagina,
529 3962 561 3998 ex
580 3947 747 4013 sequentibus
763 3949 925 4016 intelligitur,
945 3951 1077 4002 transiisse
1095 3949 1249 4016 scriptorem
1267 3962 1287 4002 ru
1303 3945 1362 3997 loeis
1377 3935 1403 3990 el

280 4031 329 4079 ea,
354 4032 421 4083 quae
439 4018 464 4070 in
482 4018 546 4070 locis
564 4026 631 4071 sunt.

319 4141 321 4146 '
393 4121 445 4184 24·
469 4133 597 4204 agrestis]
615 4135 645 4187 Iu
662 4151 753 4200 versu,
779 4137 823 4203 qui
841 4151 899 4189 cum
917 4136 981 4188 solio
999 4137 1044 4188 illo
1062 4137 1155 4202 periit,
1173 4140 1295 4204 apparet,
1320 4131 1404 4182 dicum

279 4205 360 4259 fuisse
376 4204 410 4258 de
427 4207 494 4258 bove
511 4207 607 4272 agresti
626 4214 653 4258 et
670 4208 788 4260 infulato.
919 4205 1083 4278 infulatur]
1104 4207 1171 4262 coni.
1207 4203 1313 4276 insulas
1331 4196 1402 4278 coddq

280 4294 358 4345 quam
376 4278 512 4330 lectionem
531 4293 632 4343 nequeo
650 4279 789 4334 conciliare
807 4295 866 4340 cum
884 4279 1061 4347 sequentibus.
1219 4274 1402 4340 tostius]eor1·

280 4347 377 4400 boeriis
395 4348 426 4404 F.
460 4363 510 4401 om.
527 4353 588 4401 cett.
604 4349 680 4402 codd.
729 4409 731 4414 ¹
808 4348 945 4421 frondem]
966 4351 1053 4404 Locus
1071 4352 1096 4404 iu
1114 4353 1244 4404 carloman
1262 4346 1403 4414 tragicorum
