<?xml version="1.0" encoding="UTF-8"?>
<!DOCTYPE html PUBLIC "-//W3C//DTD XHTML 1.0 Transitional//EN"
    "http://www.w3.org/TR/xhtml1/DTD/xhtml1-transitional.dtd">
<html xmlns="http://www.w3.org/1999/xhtml" xml:lang="en" lang="en">
 <head>
  <title>
</title>
<meta http-equiv="Content-Type" content="text/html;charset=utf-8" />
  <meta name='ocr-system' content='tesseract 3.04.00' />
  <meta name='ocr-capabilities' content='ocr_page ocr_carea ocr_par ocr_line ocrx_word'/>
</head>
<body>
  <div class='ocr_page' id='page_1' title='image "./mterentivarroni00mlgoog/mterentivarroni00mlgoog_0213.png"; bbox 0 0 2866 4812; ppageno 0'>
   <div class='ocr_carea' id='block_1_1' title="bbox 422 169 1178 330">
    <p class='ocr_par' dir='ltr' id='par_1_1' title="bbox 422 169 1178 330">
     <span class='ocr_line' id='line_1_1' title="bbox 422 169 1178 330; baseline -0.003 -38"><span class='ocrx_word' id='word_1_1' title='bbox 422 238 426 254; x_wconf 86' lang='lat'><strong>·</strong></span> <span class='ocrx_word' id='word_1_2' title='bbox 456 207 492 307; x_wconf 74' lang='lat' dir='ltr'><strong>s.</strong></span> <span class='ocrx_word' id='word_1_3' title='bbox 523 169 572 292; x_wconf 70' lang='lat' dir='ltr'><strong>ec</strong></span> <span class='ocrx_word' id='word_1_4' title='bbox 598 247 645 262; x_wconf 90' lang='lat'>-</span> <span class='ocrx_word' id='word_1_5' title='bbox 673 223 736 300; x_wconf 84' lang='lat'><strong>93·</strong></span> <span class='ocrx_word' id='word_1_6' title='bbox 1096 203 1178 330; x_wconf 71' lang='lat' dir='ltr'><strong>oa</strong></span> 
     </span>
    </p>
   </div>
   <div class='ocr_carea' id='block_1_2' title="bbox 51 388 1240 570">
    <p class='ocr_par' dir='ltr' id='par_1_2' title="bbox 51 388 1240 570">
     <span class='ocr_line' id='line_1_2' title="bbox 51 388 1240 498; baseline 0.002 -32"><span class='ocrx_word' id='word_1_7' title='bbox 51 422 168 492; x_wconf 74' lang='lat' dir='ltr'><strong>cape,</strong></span> <span class='ocrx_word' id='word_1_8' title='bbox 208 395 300 467; x_wconf 89' lang='lat' dir='ltr'><strong>unde</strong></span> <span class='ocrx_word' id='word_1_9' title='bbox 337 397 515 492; x_wconf 81' lang='lat' dir='ltr'><strong>accipe3</strong></span> <span class='ocrx_word' id='word_1_10' title='bbox 559 392 621 466; x_wconf 88' lang='lat' dir='ltr'><strong>sed</strong></span> <span class='ocrx_word' id='word_1_11' title='bbox 656 391 723 465; x_wconf 89' lang='lat' dir='ltr'><strong>hoc</strong></span> <span class='ocrx_word' id='word_1_12' title='bbox 754 396 790 464; x_wconf 93' lang='lat' dir='ltr'><strong>in</strong></span> <span class='ocrx_word' id='word_1_13' title='bbox 823 397 980 490; x_wconf 82' lang='lat' dir='ltr'><strong>proximo</strong></span> <span class='ocrx_word' id='word_1_14' title='bbox 1008 393 1098 466; x_wconf 79' lang='lat' dir='ltr'><strong>libro</strong></span> <span class='ocrx_word' id='word_1_15' title='bbox 1123 388 1240 498; x_wconf 58' lang='lat' dir='ltr'><strong>rie-{qa</strong></span> 
     </span>
     <span class='ocr_line' id='line_1_3' title="bbox 51 495 1219 570; baseline -0.007 -2"><span class='ocrx_word' id='word_1_16' title='bbox 51 495 269 570; x_wconf 80' lang='lat' dir='ltr'><strong>tractandum.</strong></span> <span class='ocrx_word' id='word_1_17' title='bbox 955 547 958 554; x_wconf 84' lang='grc'><em>.</em></span> <span class='ocrx_word' id='word_1_18' title='bbox 1076 531 1083 558; x_wconf 64' lang='lat'><em>1</em></span> <span class='ocrx_word' id='word_1_19' title='bbox 1182 513 1219 560; x_wconf 80' lang='lat' dir='ltr'><strong>aa</strong></span> 
     </span>
    </p>
   </div>
   <div class='ocr_carea' id='block_1_3' title="bbox 152 622 615 725">
    <p class='ocr_par' dir='ltr' id='par_1_3' title="bbox 152 622 615 734">
     <span class='ocr_line' id='line_1_4' title="bbox 152 622 615 725; baseline -0.004 -28"><span class='ocrx_word' id='word_1_20' title='bbox 152 622 218 697; x_wconf 84' lang='grc'><strong>91.</strong></span> <span class='ocrx_word' id='word_1_21' title='bbox 261 622 372 725; x_wconf 76' lang='lat' dir='ltr'><strong>Apud</strong></span> <span class='ocrx_word' id='word_1_22' title='bbox 399 626 615 699; x_wconf 88' lang='lat' dir='ltr'><strong>Pacuvium:</strong></span> 
     </span>
    </p>
   </div>
   <div class='ocr_carea' id='block_1_4' title="bbox 50 730 1247 1851">
    <p class='ocr_par' dir='ltr' id='par_1_4' title="bbox 557 730 892 823">
     <span class='ocr_line' id='line_1_5' title="bbox 557 730 892 823; baseline 0 -25"><span class='ocrx_word' id='word_1_23' title='bbox 557 730 662 798; x_wconf 85' lang='lat' dir='ltr'><strong>nullo</strong></span> <span class='ocrx_word' id='word_1_24' title='bbox 689 754 749 799; x_wconf 82' lang='lat' dir='ltr'><strong>rea</strong></span> <span class='ocrx_word' id='word_1_25' title='bbox 775 754 892 823; x_wconf 78' lang='lat' dir='ltr'><strong>neque</strong></span> 
     </span>
    </p>

    <p class='ocr_par' dir='ltr' id='par_1_5' title="bbox 157 823 1048 927">
     <span class='ocr_line' id='line_1_6' title="bbox 157 823 1048 927; baseline 0 -27"><span class='ocrx_word' id='word_1_26' title='bbox 157 823 357 916; x_wconf 71' lang='lat' dir='ltr'><strong>Cicurure,</strong></span> <span class='ocrx_word' id='word_1_27' title='bbox 398 855 514 927; x_wconf 83' lang='lat' dir='ltr'><strong>neque</strong></span> <span class='ocrx_word' id='word_1_28' title='bbox 540 833 681 900; x_wconf 80' lang='lat' dir='ltr'><strong>mederi</strong></span> <span class='ocrx_word' id='word_1_29' title='bbox 700 833 803 926; x_wconf 75' lang='lat' dir='ltr'><strong>potis</strong></span> <span class='ocrx_word' id='word_1_30' title='bbox 829 847 901 921; x_wconf 81' lang='lat' dir='ltr'><strong><em>est,</em></strong></span> <span class='ocrx_word' id='word_1_31' title='bbox 932 855 1048 925; x_wconf 73' lang='lat' dir='ltr'><strong>raeque</strong></span> 
     </span>
    </p>

    <p class='ocr_par' dir='ltr' id='par_1_6' title="bbox 50 932 1247 1715">
     <span class='ocr_line' id='line_1_7' title="bbox 153 932 400 1026; baseline -0.02 -24"><span class='ocrx_word' id='word_1_32' title='bbox 153 932 346 1026; x_wconf 72' lang='lat' dir='ltr'><strong>Reficer03</strong></span> <span class='ocrx_word' id='word_1_33' title='bbox 397 978 400 997; x_wconf 88' lang='lat'><strong><em>.</em></strong></span> 
     </span>
     <span class='ocr_line' id='line_1_8' title="bbox 51 1032 1175 1130; baseline 0.002 -28"><span class='ocrx_word' id='word_1_34' title='bbox 51 1035 248 1105; x_wconf 87' lang='lat' dir='ltr'><strong>cicurare</strong></span> <span class='ocrx_word' id='word_1_35' title='bbox 273 1032 554 1126; x_wconf 76' lang='lat' dir='ltr'><strong>mansuefacere3</strong></span> <span class='ocrx_word' id='word_1_36' title='bbox 593 1033 688 1130; x_wconf 84' lang='lat' dir='ltr'><strong>qnod</strong></span> <span class='ocrx_word' id='word_1_37' title='bbox 715 1035 806 1105; x_wconf 89' lang='lat' dir='ltr'><strong>enim</strong></span> <span class='ocrx_word' id='word_1_38' title='bbox 832 1059 852 1104; x_wconf 92' lang='lat' dir='ltr'><strong>a</strong></span> <span class='ocrx_word' id='word_1_39' title='bbox 877 1034 959 1107; x_wconf 83' lang='lat' dir='ltr'><strong>fero¹</strong></span> <span class='ocrx_word' id='word_1_40' title='bbox 976 1035 1175 1122; x_wconf 87' lang='lat' dir='ltr'><strong>discretum,</strong></span> 
     </span>
     <span class='ocr_line' id='line_1_9' title="bbox 50 1133 1177 1232; baseline 0.004 -30"><span class='ocrx_word' id='word_1_41' title='bbox 50 1133 80 1203; x_wconf 93' lang='lat' dir='ltr'><strong>id</strong></span> <span class='ocrx_word' id='word_1_42' title='bbox 113 1133 240 1208; x_wconf 87' lang='lat' dir='ltr'><strong>dicitur</strong></span> <span class='ocrx_word' id='word_1_43' title='bbox 273 1138 422 1226; x_wconf 75' lang='lat' dir='ltr'><strong>cicun,</strong></span> <span class='ocrx_word' id='word_1_44' title='bbox 471 1147 506 1208; x_wconf 82' lang='lat' dir='ltr'><strong>et</strong></span> <span class='ocrx_word' id='word_1_45' title='bbox 537 1133 615 1208; x_wconf 90' lang='lat' dir='ltr'><strong>ideo</strong></span> <span class='ocrx_word' id='word_1_46' title='bbox 649 1134 802 1206; x_wconf 86' lang='lat' dir='ltr'><strong>dietum:</strong></span> <span class='ocrx_word' id='word_1_47' title='bbox 853 1141 954 1211; x_wconf 83' lang='lat' dir='ltr'><strong>cicur</strong></span> <span class='ocrx_word' id='word_1_48' title='bbox 990 1141 1177 1232; x_wconf 83' lang='lat' dir='ltr'><strong>ingenium</strong></span> 
     </span>
     <span class='ocr_line' id='line_1_10' title="bbox 50 1237 1176 1338; baseline 0.005 -34"><span class='ocrx_word' id='word_1_49' title='bbox 50 1237 205 1328; x_wconf 81' lang='lat' dir='ltr'><strong>obtineo,</strong></span> <span class='ocrx_word' id='word_1_50' title='bbox 241 1247 457 1310; x_wconf 83' lang='lat' dir='ltr'><strong>mansuetum</strong></span> <span class='ocrx_word' id='word_1_51' title='bbox 469 1263 480 1330; x_wconf 83' lang='lat'>3</span> <span class='ocrx_word' id='word_1_52' title='bbox 531 1261 551 1306; x_wconf 93' lang='lat' dir='ltr'><strong>a</strong></span> <span class='ocrx_word' id='word_1_53' title='bbox 587 1262 657 1333; x_wconf 89' lang='lat' dir='ltr'><strong>quo</strong></span> <span class='ocrx_word' id='word_1_54' title='bbox 695 1237 833 1334; x_wconf 69' lang='lat' dir='ltr'><strong>Velurii</strong></span> <span class='ocrx_word' id='word_1_55' title='bbox 868 1263 1006 1338; x_wconf 81' lang='lat' dir='ltr'><strong>quoque</strong></span> <span class='ocrx_word' id='word_1_56' title='bbox 1043 1237 1176 1311; x_wconf 87' lang='lat' dir='ltr'><strong>nobiles</strong></span> 
     </span>
     <span class='ocr_line' id='line_1_11' title="bbox 51 1337 1247 1435; baseline -0.001 -28"><span class='ocrx_word' id='word_1_57' title='bbox 51 1341 276 1435; x_wconf 73' lang='lat' dir='ltr'><strong>cognominati</strong></span> <span class='ocrx_word' id='word_1_58' title='bbox 309 1337 498 1410; x_wconf 87' lang='lat' dir='ltr'><strong>Cicurii.</strong></span> <span class='ocrx_word' id='word_1_59' title='bbox 561 1339 660 1414; x_wconf 89' lang='lat' dir='ltr'><strong>Hinc</strong></span> <span class='ocrx_word' id='word_1_60' title='bbox 685 1350 805 1410; x_wconf 82' lang='lat' dir='ltr'><strong>natum</strong></span> <span class='ocrx_word' id='word_1_61' title='bbox 832 1367 853 1411; x_wconf 93' lang='lat' dir='ltr'><strong>a</strong></span> <span class='ocrx_word' id='word_1_62' title='bbox 880 1342 976 1413; x_wconf 80' lang='lat' dir='ltr'><strong>eicco</strong></span> <span class='ocrx_word' id='word_1_63' title='bbox 1002 1343 1099 1412; x_wconf 90' lang='lat' dir='ltr'><strong>cicur</strong></span> <span class='ocrx_word' id='word_1_64' title='bbox 1124 1340 1247 1421; x_wconf 69' lang='lat' dir='ltr'><strong>rii-(eo)</strong></span> 
     </span>
     <span class='ocr_line' id='line_1_12' title="bbox 51 1435 1177 1539; baseline 0.005 -31"><span class='ocrx_word' id='word_1_65' title='bbox 51 1438 153 1510; x_wconf 78' lang='lat' dir='ltr'><strong>detur.</strong></span> <span class='ocrx_word' id='word_1_66' title='bbox 210 1440 395 1513; x_wconf 87' lang='lat' dir='ltr'><strong>Ciccum</strong></span> <span class='ocrx_word' id='word_1_67' title='bbox 429 1435 592 1512; x_wconf 85' lang='lat' dir='ltr'><strong>dicebant</strong></span> <span class='ocrx_word' id='word_1_68' title='bbox 625 1440 861 1512; x_wconf 78' lang='lat' dir='ltr'><strong>membranam</strong></span> <span class='ocrx_word' id='word_1_69' title='bbox 894 1453 1052 1536; x_wconf 80' lang='lat' dir='ltr'><strong>lennem,</strong></span> <span class='ocrx_word' id='word_1_70' title='bbox 1087 1467 1177 1539; x_wconf 88' lang='lat' dir='ltr'><strong>qnae</strong></span> 
     </span>
     <span class='ocr_line' id='line_1_13' title="bbox 50 1541 1176 1642; baseline 0.004 -32"><span class='ocrx_word' id='word_1_71' title='bbox 50 1552 94 1611; x_wconf 85' lang='lat' dir='ltr'><strong>est</strong></span> <span class='ocrx_word' id='word_1_72' title='bbox 118 1553 158 1614; x_wconf 89' lang='lat' dir='ltr'><strong>ut</strong></span> <span class='ocrx_word' id='word_1_73' title='bbox 190 1545 227 1612; x_wconf 89' lang='lat' dir='ltr'><strong>in</strong></span> <span class='ocrx_word' id='word_1_74' title='bbox 253 1541 344 1613; x_wconf 89' lang='lat' dir='ltr'><strong>malo</strong></span> <span class='ocrx_word' id='word_1_75' title='bbox 379 1543 518 1613; x_wconf 92' lang='lat' dir='ltr'><strong>Punico</strong></span> <span class='ocrx_word' id='word_1_76' title='bbox 549 1541 734 1616; x_wconf 82' lang='lat' dir='ltr'><strong>discrimen</strong></span> <span class='ocrx_word' id='word_1_77' title='bbox 747 1571 758 1637; x_wconf 83' lang='lat'>3</span> <span class='ocrx_word' id='word_1_78' title='bbox 799 1569 914 1642; x_wconf 86' lang='lat' dir='ltr'><strong>aquo</strong></span> <span class='ocrx_word' id='word_1_79' title='bbox 942 1547 1043 1618; x_wconf 80' lang='lat' dir='ltr'><strong>eliam</strong></span> <span class='ocrx_word' id='word_1_80' title='bbox 1068 1545 1176 1618; x_wconf 89' lang='lat' dir='ltr'><strong>Plau·</strong></span> 
     </span>
     <span class='ocr_line' id='line_1_14' title="bbox 50 1645 227 1715; baseline 0.023 -5"><span class='ocrx_word' id='word_1_81' title='bbox 50 1653 96 1713; x_wconf 84' lang='lat' dir='ltr'><strong>ius</strong></span> <span class='ocrx_word' id='word_1_82' title='bbox 121 1645 227 1715; x_wconf 85' lang='lat' dir='ltr'><strong>dicit:</strong></span> 
     </span>
    </p>

    <p class='ocr_par' dir='ltr' id='par_1_7' title="bbox 155 1747 1235 1851">
     <span class='ocr_line' id='line_1_15' title="bbox 155 1747 1235 1851; baseline 0.007 -35"><span class='ocrx_word' id='word_1_83' title='bbox 155 1751 256 1840; x_wconf 79' lang='lat' dir='ltr'><strong>quod</strong></span> <span class='ocrx_word' id='word_1_84' title='bbox 281 1749 355 1851; x_wconf 79' lang='lat' dir='ltr'><strong>volt</strong></span> <span class='ocrx_word' id='word_1_85' title='bbox 380 1747 608 1816; x_wconf 76' lang='lat' dir='ltr'><strong>elenchum*:</strong></span> <span class='ocrx_word' id='word_1_86' title='bbox 646 1751 783 1819; x_wconf 84' lang='lat' dir='ltr'><strong>ciccum</strong></span> <span class='ocrx_word' id='word_1_87' title='bbox 810 1775 884 1820; x_wconf 83' lang='lat' dir='ltr'><strong>uon</strong></span> <span class='ocrx_word' id='word_1_88' title='bbox 910 1754 1091 1823; x_wconf 72' lang='lat' dir='ltr'><em>interduo,</em></span> <span class='ocrx_word' id='word_1_89' title='bbox 1140 1808 1143 1818; x_wconf 94' lang='grc'><em>.</em></span> <span class='ocrx_word' id='word_1_90' title='bbox 1187 1799 1235 1840; x_wconf 76' lang='lat'><strong>569</strong></span> 
     </span>
    </p>
   </div>
   <div class='ocr_carea' id='block_1_5' title="bbox 144 1890 580 1991">
    <p class='ocr_par' dir='ltr' id='par_1_8' title="bbox 144 1890 580 1991">
     <span class='ocr_line' id='line_1_16' title="bbox 144 1890 580 1991; baseline 0.009 -29"><span class='ocrx_word' id='word_1_91' title='bbox 144 1890 213 1964; x_wconf 76' lang='grc'><strong>92.</strong></span> <span class='ocrx_word' id='word_1_92' title='bbox 255 1891 365 1991; x_wconf 80' lang='lat' dir='ltr'><strong>Apud</strong></span> <span class='ocrx_word' id='word_1_93' title='bbox 387 1895 580 1968; x_wconf 83' lang='lat' dir='ltr'><strong>Naevium:</strong></span> 
     </span>
    </p>
   </div>
   <div class='ocr_carea' id='block_1_6' title="bbox 153 2017 914 2113">
    <p class='ocr_par' dir='ltr' id='par_1_9' title="bbox 153 2017 914 2113">
     <span class='ocr_line' id='line_1_17' title="bbox 153 2017 914 2113; baseline 0.012 -29"><span class='ocrx_word' id='word_1_94' title='bbox 153 2017 292 2089; x_wconf 87' lang='lat' dir='ltr'><strong>Eccum</strong></span> <span class='ocrx_word' id='word_1_95' title='bbox 317 2021 444 2088; x_wconf 80' lang='lat' dir='ltr'><strong>venire</strong></span> <span class='ocrx_word' id='word_1_96' title='bbox 472 2019 576 2089; x_wconf 83' lang='lat' dir='ltr'><strong>video</strong></span> <span class='ocrx_word' id='word_1_97' title='bbox 596 2021 725 2111; x_wconf 84' lang='lat' dir='ltr'><strong>ferme</strong></span> <span class='ocrx_word' id='word_1_98' title='bbox 751 2024 914 2113; x_wconf 78' lang='lat' dir='ltr'><strong>iniuria,-</strong></span> 
     </span>
    </p>
   </div>
   <div class='ocr_carea' id='block_1_7' title="bbox 50 2133 1180 2239">
    <p class='ocr_par' dir='ltr' id='par_1_10' title="bbox 50 2133 1180 2239">
     <span class='ocr_line' id='line_1_18' title="bbox 50 2133 1180 2239; baseline 0.005 -37"><span class='ocrx_word' id='word_1_99' title='bbox 50 2133 175 2207; x_wconf 87' lang='lat' dir='ltr'><strong>lerme</strong></span> <span class='ocrx_word' id='word_1_100' title='bbox 210 2136 336 2209; x_wconf 83' lang='lat' dir='ltr'><strong>dieitur</strong></span> <span class='ocrx_word' id='word_1_101' title='bbox 365 2137 469 2234; x_wconf 82' lang='lat' dir='ltr'><strong>quod</strong></span> <span class='ocrx_word' id='word_1_102' title='bbox 504 2164 598 2211; x_wconf 87' lang='lat' dir='ltr'><strong>nunc</strong></span> <span class='ocrx_word' id='word_1_103' title='bbox 633 2137 752 2232; x_wconf 77' lang='lat' dir='ltr'><strong>fere3</strong></span> <span class='ocrx_word' id='word_1_104' title='bbox 789 2151 976 2239; x_wconf 84' lang='lat' dir='ltr'><strong>utrumqne</strong></span> <span class='ocrx_word' id='word_1_105' title='bbox 1004 2140 1134 2212; x_wconf 80' lang='lat' dir='ltr'><strong>dictum</strong></span> <span class='ocrx_word' id='word_1_106' title='bbox 1158 2163 1180 2208; x_wconf 89' lang='lat' dir='ltr'><strong>a</strong></span> 
     </span>
    </p>
   </div>
   <div class='ocr_carea' id='block_1_8' title="bbox 51 2233 1177 2410">
    <p class='ocr_par' dir='ltr' id='par_1_11' title="bbox 51 2233 1177 2410">
     <span class='ocr_line' id='line_1_19' title="bbox 51 2233 1177 2338; baseline 0.009 -36"><span class='ocrx_word' id='word_1_107' title='bbox 51 2233 206 2329; x_wconf 76' lang='lat' dir='ltr'><strong>serendo,</strong></span> <span class='ocrx_word' id='word_1_108' title='bbox 239 2239 335 2336; x_wconf 85' lang='lat' dir='ltr'><strong>qnod</strong></span> <span class='ocrx_word' id='word_1_109' title='bbox 370 2241 408 2311; x_wconf 92' lang='lat' dir='ltr'><strong>id</strong></span> <span class='ocrx_word' id='word_1_110' title='bbox 438 2242 534 2337; x_wconf 88' lang='lat' dir='ltr'><strong>quod</strong></span> <span class='ocrx_word' id='word_1_111' title='bbox 557 2242 688 2332; x_wconf 81' lang='lat' dir='ltr'><strong>fertur,</strong></span> <span class='ocrx_word' id='word_1_112' title='bbox 724 2243 837 2311; x_wconf 81' lang='lat' dir='ltr'><strong>estin</strong></span> <span class='ocrx_word' id='word_1_113' title='bbox 861 2254 1088 2338; x_wconf 79' lang='lat' dir='ltr'><strong>metuatque</strong></span> <span class='ocrx_word' id='word_1_114' title='bbox 1116 2241 1177 2312; x_wconf 93' lang='lat' dir='ltr'><strong>ad·</strong></span> 
     </span>
     <span class='ocr_line' id='line_1_20' title="bbox 52 2349 168 2410; baseline 0.069 -8"><span class='ocrx_word' id='word_1_115' title='bbox 52 2349 168 2410; x_wconf 76' lang='lat' dir='ltr'><strong>veniat.</strong></span> 
     </span>
    </p>
   </div>
   <div class='ocr_carea' id='block_1_9' title="bbox 141 2427 693 2568">
    <p class='ocr_par' dir='ltr' id='par_1_12' title="bbox 141 2427 693 2568">
     <span class='ocr_line' id='line_1_21' title="bbox 141 2427 693 2568; baseline 0.002 -29"><span class='ocrx_word' id='word_1_116' title='bbox 141 2466 211 2540; x_wconf 82' lang='grc'><strong>95.</strong></span> <span class='ocrx_word' id='word_1_117' title='bbox 255 2467 366 2568; x_wconf 82' lang='lat' dir='ltr'><strong>Apud</strong></span> <span class='ocrx_word' id='word_1_118' title='bbox 388 2469 577 2542; x_wconf 87' lang='lat' dir='ltr'><strong>Plautum:</strong></span> <span class='ocrx_word' id='word_1_119' title='bbox 685 2427 693 2444; x_wconf 89' lang='lat'><strong>·</strong></span> 
     </span>
    </p>
   </div>
   <div class='ocr_carea' id='block_1_10' title="bbox 152 2593 1277 2692">
    <p class='ocr_par' dir='ltr' id='par_1_13' title="bbox 152 2593 1277 2692">
     <span class='ocr_line' id='line_1_22' title="bbox 152 2593 1277 2692; baseline 0.002 -31"><span class='ocrx_word' id='word_1_120' title='bbox 152 2593 287 2678; x_wconf 82' lang='lat' dir='ltr'><strong><em>Euax,</em></strong></span> <span class='ocrx_word' id='word_1_121' title='bbox 322 2597 446 2688; x_wconf 84' lang='lat' dir='ltr'><strong>iurgio</strong></span> <span class='ocrx_word' id='word_1_122' title='bbox 470 2619 622 2665; x_wconf 87' lang='lat' dir='ltr'><strong>uxorem</strong></span> <span class='ocrx_word' id='word_1_123' title='bbox 648 2599 798 2666; x_wconf 82' lang='lat' dir='ltr'><strong>taudem</strong></span> <span class='ocrx_word' id='word_1_124' title='bbox 825 2596 932 2692; x_wconf 80' lang='lat' dir='ltr'><strong>abegi</strong></span> <span class='ocrx_word' id='word_1_125' title='bbox 961 2595 1008 2666; x_wconf 85' lang='lat' dir='ltr'><strong>ob</strong></span> <span class='ocrx_word' id='word_1_126' title='bbox 1041 2599 1179 2684; x_wconf 82' lang='lat' dir='ltr'><strong>iauua;</strong></span> <span class='ocrx_word' id='word_1_127' title='bbox 1275 2680 1277 2688; x_wconf 18' lang='lat' dir='ltr'>y</span> 
     </span>
    </p>
   </div>
   <div class='ocr_carea' id='block_1_11' title="bbox 51 2712 1179 2922">
    <p class='ocr_par' dir='ltr' id='par_1_14' title="bbox 51 2712 1179 2922">
     <span class='ocr_line' id='line_1_23' title="bbox 51 2712 1179 2816; baseline 0.005 -38"><span class='ocrx_word' id='word_1_128' title='bbox 51 2731 149 2782; x_wconf 79' lang='lat' dir='ltr'><strong>euax</strong></span> <span class='ocrx_word' id='word_1_129' title='bbox 178 2713 327 2786; x_wconf 81' lang='lat' dir='ltr'><strong>verbnm</strong></span> <span class='ocrx_word' id='word_1_130' title='bbox 352 2715 440 2787; x_wconf 86' lang='lat' dir='ltr'>nihil</span> <span class='ocrx_word' id='word_1_131' title='bbox 464 2715 654 2816; x_wconf 71' lang='lat' dir='ltr'><strong>significat,</strong></span> <span class='ocrx_word' id='word_1_132' title='bbox 690 2715 752 2788; x_wconf 90' lang='lat' dir='ltr'><strong>sed</strong></span> <span class='ocrx_word' id='word_1_133' title='bbox 773 2716 955 2788; x_wconf 78' lang='lat' dir='ltr'><strong>ellulilium</strong></span> <span class='ocrx_word' id='word_1_134' title='bbox 980 2712 1179 2792; x_wconf 77' lang='lat' dir='ltr'><strong>naturaliter</strong></span> 
     </span>
     <span class='ocr_line' id='line_1_24' title="bbox 52 2815 870 2922; baseline 0.02 -47"><span class='ocrx_word' id='word_1_135' title='bbox 52 2819 115 2904; x_wconf 78' lang='lat' dir='ltr'><strong>esi,</strong></span> <span class='ocrx_word' id='word_1_136' title='bbox 147 2827 186 2888; x_wconf 81' lang='lat' dir='ltr'><strong>ut</strong></span> <span class='ocrx_word' id='word_1_137' title='bbox 207 2815 301 2922; x_wconf 84' lang='lat' dir='ltr'><strong>apud</strong></span> <span class='ocrx_word' id='word_1_138' title='bbox 326 2817 502 2890; x_wconf 87' lang='lat' dir='ltr'><strong>Ennium:</strong></span> <span class='ocrx_word' id='word_1_139' title='bbox 867 2827 870 2830; x_wconf 79' lang='grc'><strong>’</strong></span> 
     </span>
    </p>
   </div>
   <div class='ocr_carea' id='block_1_12' title="bbox 155 2939 760 3044">
    <p class='ocr_par' dir='ltr' id='par_1_15' title="bbox 155 2939 760 3044">
     <span class='ocr_line' id='line_1_25' title="bbox 155 2939 760 3044; baseline 0 -36"><span class='ocrx_word' id='word_1_140' title='bbox 155 2939 310 3044; x_wconf 76' lang='lat' dir='ltr'><strong>Heliae,</strong></span> <span class='ocrx_word' id='word_1_141' title='bbox 337 2943 415 3034; x_wconf 83' lang='lat' dir='ltr'><strong>ipse</strong></span> <span class='ocrx_word' id='word_1_142' title='bbox 443 2942 582 3034; x_wconf 80' lang='lat' dir='ltr'><strong>clipeus</strong></span> <span class='ocrx_word' id='word_1_143' title='bbox 609 2942 740 3011; x_wconf 81' lang='lat' dir='ltr'><strong>cecidit</strong></span> <span class='ocrx_word' id='word_1_144' title='bbox 749 2973 760 3029; x_wconf 82' lang='lat'><strong>‚-</strong></span> 
     </span>
    </p>
   </div>
   <div class='ocr_carea' id='block_1_13' title="bbox 1187 2963 1250 3064">
    <p class='ocr_par' dir='ltr' id='par_1_16' title="bbox 1187 2963 1250 3064">
     <span class='ocr_line' id='line_1_26' title="bbox 1187 2963 1250 3064; baseline 0 -70"><span class='ocrx_word' id='word_1_145' title='bbox 1187 2963 1250 3064; x_wconf 59' lang='grc' dir='ltr'><strong>6-7ρέ</strong></span> 
     </span>
    </p>
   </div>
   <div class='ocr_carea' id='block_1_14' title="bbox 53 3137 1174 3364">
    <p class='ocr_par' dir='ltr' id='par_1_17' title="bbox 53 3137 1174 3364">
     <span class='ocr_line' id='line_1_27' title="bbox 55 3137 1174 3221; baseline 0.005 -28"><span class='ocrx_word' id='word_1_146' title='bbox 55 3143 173 3202; x_wconf 82' lang='lat' dir='ltr'><strong>observari</strong></span> <span class='ocrx_word' id='word_1_147' title='bbox 191 3154 275 3217; x_wconf 77' lang='lat' dir='ltr'><strong>solet,</strong></span> <span class='ocrx_word' id='word_1_148' title='bbox 298 3153 427 3206; x_wconf 84' lang='lat' dir='ltr'><strong>interdum</strong></span> <span class='ocrx_word' id='word_1_149' title='bbox 443 3153 522 3206; x_wconf 84' lang='lat' dir='ltr'><strong>etiam</strong></span> <span class='ocrx_word' id='word_1_150' title='bbox 538 3137 566 3206; x_wconf 88' lang='lat' dir='ltr'><strong>in</strong></span> <span class='ocrx_word' id='word_1_151' title='bbox 583 3145 741 3221; x_wconf 71' lang='lat' dir='ltr'><strong>simplicibus</strong></span> <span class='ocrx_word' id='word_1_152' title='bbox 762 3152 896 3220; x_wconf 81' lang='lat' dir='ltr'><strong>reperitur.</strong></span> <span class='ocrx_word' id='word_1_153' title='bbox 1009 3149 1039 3202; x_wconf 84' lang='lat' dir='ltr'><strong>in</strong></span> <span class='ocrx_word' id='word_1_154' title='bbox 1052 3149 1174 3218; x_wconf 75' lang='lat' dir='ltr'><strong>proximo</strong></span> 
     </span>
     <span class='ocr_line' id='line_1_28' title="bbox 53 3212 1173 3292; baseline 0.012 -33"><span class='ocrx_word' id='word_1_155' title='bbox 53 3212 121 3286; x_wconf 81' lang='lat' dir='ltr'><strong>libro]</strong></span> <span class='ocrx_word' id='word_1_156' title='bbox 138 3223 155 3274; x_wconf 91' lang='lat' dir='ltr'><strong>i.</strong></span> <span class='ocrx_word' id='word_1_157' title='bbox 170 3239 193 3276; x_wconf 86' lang='lat' dir='ltr'><strong>e.</strong></span> <span class='ocrx_word' id='word_1_158' title='bbox 211 3229 304 3276; x_wconf 85' lang='lat' dir='ltr'><strong>octavo</strong></span> <span class='ocrx_word' id='word_1_159' title='bbox 310 3244 323 3288; x_wconf 89' lang='lat'><strong>,·</strong></span> <span class='ocrx_word' id='word_1_160' title='bbox 337 3226 381 3292; x_wconf 90' lang='lat' dir='ltr'><strong>qui</strong></span> <span class='ocrx_word' id='word_1_161' title='bbox 398 3229 488 3276; x_wconf 86' lang='lat' dir='ltr'><strong>contra</strong></span> <span class='ocrx_word' id='word_1_162' title='bbox 505 3225 650 3290; x_wconf 81' lang='lat' dir='ltr'><strong>analogiam</strong></span> <span class='ocrx_word' id='word_1_163' title='bbox 667 3223 778 3292; x_wconf 80' lang='lat' dir='ltr'><strong>scriptae</strong></span> <span class='ocrx_word' id='word_1_164' title='bbox 796 3229 852 3289; x_wconf 60' lang='grc' dir='ltr'><strong>ειη</strong></span> <span class='ocrx_word' id='word_1_165' title='bbox 874 3226 902 3276; x_wconf 88' lang='lat' dir='ltr'><strong>in</strong></span> <span class='ocrx_word' id='word_1_166' title='bbox 914 3237 966 3290; x_wconf 84' lang='lat' dir='ltr'><strong>quo</strong></span> <span class='ocrx_word' id='word_1_167' title='bbox 983 3222 1028 3276; x_wconf 84' lang='lat' dir='ltr'><strong>illa</strong></span> <span class='ocrx_word' id='word_1_168' title='bbox 1045 3221 1173 3274; x_wconf 75' lang='lat' dir='ltr'><strong>vocalium</strong></span> 
     </span>
     <span class='ocr_line' id='line_1_29' title="bbox 55 3285 894 3364; baseline 0.021 -30"><span class='ocrx_word' id='word_1_169' title='bbox 55 3285 149 3344; x_wconf 84' lang='lat' dir='ltr'><strong>violatio</strong></span> <span class='ocrx_word' id='word_1_170' title='bbox 166 3295 193 3347; x_wconf 92' lang='lat' dir='ltr'><strong>in</strong></span> <span class='ocrx_word' id='word_1_171' title='bbox 211 3297 338 3364; x_wconf 80' lang='lat' dir='ltr'><strong>exemplis</strong></span> <span class='ocrx_word' id='word_1_172' title='bbox 356 3296 500 3349; x_wconf 77' lang='lat' dir='ltr'><strong>anomaliae</strong></span> <span class='ocrx_word' id='word_1_173' title='bbox 517 3295 632 3348; x_wconf 86' lang='lat' dir='ltr'><strong>adhibita</strong></span> <span class='ocrx_word' id='word_1_174' title='bbox 652 3310 710 3348; x_wconf 77' lang='lat' dir='ltr'><strong>erae</strong></span> <span class='ocrx_word' id='word_1_175' title='bbox 727 3295 834 3347; x_wconf 81' lang='lat' dir='ltr'><strong>videtur.</strong></span> <span class='ocrx_word' id='word_1_176' title='bbox 892 3349 894 3352; x_wconf 86' lang='lat'>.</span> 
     </span>
    </p>
   </div>
   <div class='ocr_carea' id='block_1_15' title="bbox 54 3403 1173 3843">
    <p class='ocr_par' dir='ltr' id='par_1_18' title="bbox 54 3403 1173 3843">
     <span class='ocr_line' id='line_1_30' title="bbox 153 3403 1172 3488; baseline 0.004 -20"><span class='ocrx_word' id='word_1_177' title='bbox 153 3403 205 3468; x_wconf 84' lang='grc'><strong>91.</strong></span> <span class='ocrx_word' id='word_1_178' title='bbox 230 3417 391 3488; x_wconf 80' lang='lat' dir='ltr'><strong>Pacuvium]</strong></span> <span class='ocrx_word' id='word_1_179' title='bbox 412 3437 445 3474; x_wconf 86' lang='lat' dir='ltr'><strong>ex</strong></span> <span class='ocrx_word' id='word_1_180' title='bbox 462 3421 561 3473; x_wconf 81' lang='lat' dir='ltr'><strong>incerta</strong></span> <span class='ocrx_word' id='word_1_181' title='bbox 576 3421 671 3473; x_wconf 85' lang='lat' dir='ltr'><strong>labala.</strong></span> <span class='ocrx_word' id='word_1_182' title='bbox 703 3417 789 3472; x_wconf 84' lang='lat' dir='ltr'><strong>Bothe</strong></span> <span class='ocrx_word' id='word_1_183' title='bbox 811 3420 843 3473; x_wconf 88' lang='lat' dir='ltr'><strong>P.</strong></span> <span class='ocrx_word' id='word_1_184' title='bbox 863 3421 906 3474; x_wconf 87' lang='lat' dir='ltr'><strong>Sc.</strong></span> <span class='ocrx_word' id='word_1_185' title='bbox 926 3421 957 3472; x_wconf 83' lang='lat' dir='ltr'><strong>L.</strong></span> <span class='ocrx_word' id='word_1_186' title='bbox 976 3421 1009 3485; x_wconf 90' lang='lat' dir='ltr'><strong>V,</strong></span> <span class='ocrx_word' id='word_1_187' title='bbox 1027 3424 1053 3474; x_wconf 92' lang='lat'><strong>1.</strong></span> <span class='ocrx_word' id='word_1_188' title='bbox 1071 3437 1096 3486; x_wconf 87' lang='lat' dir='ltr'><strong>p.</strong></span> <span class='ocrx_word' id='word_1_189' title='bbox 1111 3423 1172 3472; x_wconf 82' lang='lat'><strong>149.</strong></span> 
     </span>
     <span class='ocr_line' id='line_1_31' title="bbox 54 3477 1173 3560; baseline -0.003 -18"><span class='ocrx_word' id='word_1_190' title='bbox 54 3477 80 3532; x_wconf 77' lang='lat' dir='ltr'><strong>lr·</strong></span> <span class='ocrx_word' id='word_1_191' title='bbox 95 3488 119 3537; x_wconf 80' lang='lat'><strong>8·</strong></span> <span class='ocrx_word' id='word_1_192' title='bbox 206 3491 314 3556; x_wconf 71' lang='lat' dir='ltr'><strong>medere]</strong></span> <span class='ocrx_word' id='word_1_193' title='bbox 331 3491 456 3544; x_wconf 81' lang='lat' dir='ltr'><strong>mederier</strong></span> <span class='ocrx_word' id='word_1_194' title='bbox 472 3493 605 3560; x_wconf 79' lang='lat' dir='ltr'><strong>Scaliger,</strong></span> <span class='ocrx_word' id='word_1_195' title='bbox 629 3498 689 3560; x_wconf 85' lang='lat' dir='ltr'><strong>apte</strong></span> <span class='ocrx_word' id='word_1_196' title='bbox 706 3491 739 3544; x_wconf 87' lang='lat' dir='ltr'><strong>ad</strong></span> <span class='ocrx_word' id='word_1_197' title='bbox 756 3507 865 3545; x_wconf 79' lang='lat' dir='ltr'><strong>versum.</strong></span> <span class='ocrx_word' id='word_1_198' title='bbox 975 3489 1049 3541; x_wconf 86' lang='lat' dir='ltr'><strong>Hinc</strong></span> <span class='ocrx_word' id='word_1_199' title='bbox 1066 3491 1173 3556; x_wconf 85' lang='lat' dir='ltr'><strong>natum]</strong></span> 
     </span>
     <span class='ocr_line' id='line_1_32' title="bbox 55 3556 1173 3628; baseline 0.005 -21"><span class='ocrx_word' id='word_1_200' title='bbox 55 3556 144 3622; x_wconf 76' lang='lat' dir='ltr'><strong>scripsi.</strong></span> <span class='ocrx_word' id='word_1_201' title='bbox 178 3561 304 3614; x_wconf 83' lang='lat' dir='ltr'><strong>innatum</strong></span> <span class='ocrx_word' id='word_1_202' title='bbox 320 3563 395 3616; x_wconf 91' lang='lat' dir='ltr'><strong>codd.</strong></span> <span class='ocrx_word' id='word_1_203' title='bbox 531 3563 608 3628; x_wconf 83' lang='lat' dir='ltr'><strong>dicit]</strong></span> <span class='ocrx_word' id='word_1_204' title='bbox 625 3579 693 3616; x_wconf 83' lang='lat' dir='ltr'><strong>nnus</strong></span> <span class='ocrx_word' id='word_1_205' title='bbox 709 3579 760 3616; x_wconf 86' lang='lat' dir='ltr'><strong>om.</strong></span> <span class='ocrx_word' id='word_1_206' title='bbox 779 3564 814 3616; x_wconf 88' lang='lat' dir='ltr'><strong>H.</strong></span> <span class='ocrx_word' id='word_1_207' title='bbox 940 3560 1099 3626; x_wconf 58' lang='lat' dir='ltr'><strong>elenchum]</strong></span> <span class='ocrx_word' id='word_1_208' title='bbox 1118 3562 1134 3612; x_wconf 93' lang='lat' dir='ltr'><strong>i.</strong></span> <span class='ocrx_word' id='word_1_209' title='bbox 1150 3577 1173 3614; x_wconf 87' lang='lat' dir='ltr'><strong>c.</strong></span> 
     </span>
     <span class='ocr_line' id='line_1_33' title="bbox 56 3632 1172 3704; baseline 0.001 -24"><span class='ocrx_word' id='word_1_210' title='bbox 56 3635 165 3692; x_wconf 74' lang='lat' dir='ltr'><strong>magnum</strong></span> <span class='ocrx_word' id='word_1_211' title='bbox 183 3635 312 3698; x_wconf 75' lang='lat' dir='ltr'><strong>unionem.</strong></span> <span class='ocrx_word' id='word_1_212' title='bbox 356 3635 421 3686; x_wconf 86' lang='lat' dir='ltr'><strong>Emi</strong></span> <span class='ocrx_word' id='word_1_213' title='bbox 439 3634 489 3688; x_wconf 87' lang='lat' dir='ltr'><strong>hoc</strong></span> <span class='ocrx_word' id='word_1_214' title='bbox 506 3633 569 3688; x_wconf 88' lang='lat' dir='ltr'><strong>mihi</strong></span> <span class='ocrx_word' id='word_1_215' title='bbox 586 3652 663 3704; x_wconf 85' lang='lat' dir='ltr'><strong>posse</strong></span> <span class='ocrx_word' id='word_1_216' title='bbox 680 3636 817 3688; x_wconf 78' lang='lat' dir='ltr'><strong>videbatur</strong></span> <span class='ocrx_word' id='word_1_217' title='bbox 833 3649 867 3687; x_wconf 85' lang='lat' dir='ltr'><strong>ex</strong></span> <span class='ocrx_word' id='word_1_218' title='bbox 884 3635 994 3687; x_wconf 82' lang='lat' dir='ltr'><strong>leclionc</strong></span> <span class='ocrx_word' id='word_1_219' title='bbox 1012 3632 1087 3686; x_wconf 87' lang='lat' dir='ltr'><strong>codd.</strong></span> <span class='ocrx_word' id='word_1_220' title='bbox 1108 3633 1172 3681; x_wconf 85' lang='lat' dir='ltr'><strong>den-</strong></span> 
     </span>
     <span class='ocr_line' id='line_1_34' title="bbox 56 3703 1173 3772; baseline 0.013 -31"><span class='ocrx_word' id='word_1_221' title='bbox 56 3709 114 3750; x_wconf 72' lang='lat' dir='ltr'><strong>sum.</strong></span> <span class='ocrx_word' id='word_1_222' title='bbox 154 3704 252 3758; x_wconf 83' lang='lat' dir='ltr'><strong>Versus</strong></span> <span class='ocrx_word' id='word_1_223' title='bbox 277 3706 427 3772; x_wconf 79' lang='lat' dir='ltr'><strong>fragmentis</strong></span> <span class='ocrx_word' id='word_1_224' title='bbox 444 3707 531 3760; x_wconf 84' lang='lat' dir='ltr'><strong>Plaun&#39;</strong></span> <span class='ocrx_word' id='word_1_225' title='bbox 549 3707 723 3760; x_wconf 79' lang='lat' dir='ltr'><strong>accensendus</strong></span> <span class='ocrx_word' id='word_1_226' title='bbox 742 3713 796 3770; x_wconf 82' lang='lat' dir='ltr'><strong>cat,</strong></span> <span class='ocrx_word' id='word_1_227' title='bbox 822 3721 879 3758; x_wconf 85' lang='lat' dir='ltr'><strong>nam</strong></span> <span class='ocrx_word' id='word_1_228' title='bbox 898 3707 942 3772; x_wconf 91' lang='lat' dir='ltr'><strong>qni</strong></span> <span class='ocrx_word' id='word_1_229' title='bbox 960 3705 1056 3772; x_wconf 83' lang='lat' dir='ltr'><strong>legitur</strong></span> <span class='ocrx_word' id='word_1_230' title='bbox 1071 3705 1097 3756; x_wconf 87' lang='lat' dir='ltr'><strong>in</strong></span> <span class='ocrx_word' id='word_1_231' title='bbox 1114 3703 1173 3755; x_wconf 87' lang='lat' dir='ltr'><strong>Ru-</strong></span> 
     </span>
     <span class='ocr_line' id='line_1_35' title="bbox 57 3762 612 3843; baseline 0.025 -26"><span class='ocrx_word' id='word_1_232' title='bbox 57 3762 174 3838; x_wconf 75' lang='lat' dir='ltr'><strong>intell,</strong></span> <span class='ocrx_word' id='word_1_233' title='bbox 191 3783 218 3843; x_wconf 77' lang='grc'><strong>7,</strong></span> <span class='ocrx_word' id='word_1_234' title='bbox 235 3781 296 3843; x_wconf 72' lang='grc'><strong>22.,</strong></span> <span class='ocrx_word' id='word_1_235' title='bbox 314 3777 412 3830; x_wconf 87' lang='lat' dir='ltr'><strong>abhoc</strong></span> <span class='ocrx_word' id='word_1_236' title='bbox 431 3778 547 3831; x_wconf 70' lang='lat' dir='ltr'><strong>diversos</strong></span> <span class='ocrx_word' id='word_1_237' title='bbox 564 3784 612 3832; x_wconf 83' lang='lat' dir='ltr'><strong>cst.</strong></span> 
     </span>
    </p>
   </div>
   <div class='ocr_carea' id='block_1_16' title="bbox 55 3855 1176 4032">
    <p class='ocr_par' dir='ltr' id='par_1_19' title="bbox 55 3855 1176 4032">
     <span class='ocr_line' id='line_1_36' title="bbox 156 3855 1176 3960; baseline -0.001 -17"><span class='ocrx_word' id='word_1_238' title='bbox 156 3878 207 3944; x_wconf 84' lang='grc'><strong>92.</strong></span> <span class='ocrx_word' id='word_1_239' title='bbox 236 3893 380 3960; x_wconf 72' lang='lat' dir='ltr'><strong>Naevium]</strong></span> <span class='ocrx_word' id='word_1_240' title='bbox 405 3911 438 3947; x_wconf 73' lang='lat' dir='ltr'><strong>ex</strong></span> <span class='ocrx_word' id='word_1_241' title='bbox 463 3897 559 3948; x_wconf 72' lang='lat' dir='ltr'><strong>neena</strong></span> <span class='ocrx_word' id='word_1_242' title='bbox 584 3896 678 3953; x_wconf 75' lang='lat' dir='ltr'><strong>sanun.</strong></span> <span class='ocrx_word' id='word_1_243' title='bbox 720 3855 810 3946; x_wconf 35' lang='lat' dir='ltr'><strong>&#39;Bothe</strong></span> <span class='ocrx_word' id='word_1_244' title='bbox 834 3893 866 3946; x_wconf 82' lang='lat' dir='ltr'><strong>r.</strong></span> <span class='ocrx_word' id='word_1_245' title='bbox 883 3894 927 3946; x_wconf 73' lang='lat' dir='ltr'><strong>sc.</strong></span> <span class='ocrx_word' id='word_1_246' title='bbox 947 3894 978 3945; x_wconf 81' lang='lat' dir='ltr'><strong>n.</strong></span> <span class='ocrx_word' id='word_1_247' title='bbox 997 3893 1030 3956; x_wconf 89' lang='lat' dir='ltr'><strong>v,</strong></span> <span class='ocrx_word' id='word_1_248' title='bbox 1049 3897 1073 3944; x_wconf 93' lang='lat'><strong>1.</strong></span> <span class='ocrx_word' id='word_1_249' title='bbox 1094 3909 1119 3958; x_wconf 79' lang='lat' dir='ltr'><strong>p.</strong></span> <span class='ocrx_word' id='word_1_250' title='bbox 1133 3895 1176 3943; x_wconf 79' lang='lat' dir='ltr'><strong>oo.</strong></span> 
     </span>
     <span class='ocr_line' id='line_1_37' title="bbox 55 3949 834 4032; baseline 0 -17"><span class='ocrx_word' id='word_1_251' title='bbox 55 3949 78 4002; x_wconf 73' lang='lat' dir='ltr'><strong>ss·</strong></span> <span class='ocrx_word' id='word_1_252' title='bbox 95 3962 118 4010; x_wconf 75' lang='lat'><strong>2·</strong></span> <span class='ocrx_word' id='word_1_253' title='bbox 230 3967 340 4031; x_wconf 83' lang='lat' dir='ltr'><strong>Eccum]</strong></span> <span class='ocrx_word' id='word_1_254' title='bbox 360 3983 402 4032; x_wconf 85' lang='lat' dir='ltr'><strong>vg.</strong></span> <span class='ocrx_word' id='word_1_255' title='bbox 438 3967 537 4018; x_wconf 84' lang='lat' dir='ltr'><strong>ciccum</strong></span> <span class='ocrx_word' id='word_1_256' title='bbox 554 3967 655 4021; x_wconf 78' lang='lat' dir='ltr'><strong>FGHa.</strong></span> <span class='ocrx_word' id='word_1_257' title='bbox 694 3965 792 4016; x_wconf 85' lang='lat' dir='ltr'><strong>circum</strong></span> <span class='ocrx_word' id='word_1_258' title='bbox 810 3966 834 4017; x_wconf 92' lang='lat' dir='ltr'><strong>b.</strong></span> 
     </span>
    </p>
   </div>
   <div class='ocr_carea' id='block_1_17' title="bbox 57 4062 1279 4368">
    <p class='ocr_par' dir='ltr' id='par_1_20' title="bbox 57 4062 1279 4368">
     <span class='ocr_line' id='line_1_38' title="bbox 156 4062 1176 4150; baseline -0.005 -17"><span class='ocrx_word' id='word_1_259' title='bbox 156 4062 219 4139; x_wconf 64' lang='lat'><strong>93„</strong></span> <span class='ocrx_word' id='word_1_260' title='bbox 234 4081 378 4147; x_wconf 69' lang='lat' dir='ltr'><strong>Plautum]</strong></span> <span class='ocrx_word' id='word_1_261' title='bbox 397 4081 558 4136; x_wconf 75' lang='lat' dir='ltr'><strong>Menaechm.</strong></span> <span class='ocrx_word' id='word_1_262' title='bbox 577 4083 604 4148; x_wconf 90' lang='lat'><strong>1,</strong></span> <span class='ocrx_word' id='word_1_263' title='bbox 622 4087 655 4146; x_wconf 83' lang='lat'><strong>2,</strong></span> <span class='ocrx_word' id='word_1_264' title='bbox 676 4085 717 4132; x_wconf 88' lang='lat' dir='ltr'><strong>1a.</strong></span> <span class='ocrx_word' id='word_1_265' title='bbox 742 4082 786 4133; x_wconf 80' lang='lat' dir='ltr'><strong>uu</strong></span> <span class='ocrx_word' id='word_1_266' title='bbox 805 4081 938 4134; x_wconf 81' lang='lat' dir='ltr'><strong>scribitur:</strong></span> <span class='ocrx_word' id='word_1_267' title='bbox 966 4081 1063 4136; x_wconf 65' lang='lat' dir='ltr'><strong>cuae,</strong></span> <span class='ocrx_word' id='word_1_268' title='bbox 1087 4079 1176 4150; x_wconf 58' lang='lat' dir='ltr'><strong>urgeo</strong></span> 
     </span>
     <span class='ocr_line' id='line_1_39' title="bbox 57 4133 1279 4225; baseline 0.008 -37"><span class='ocrx_word' id='word_1_269' title='bbox 57 4133 132 4192; x_wconf 73' lang='lat' dir='ltr'><strong>hercle</strong></span> <span class='ocrx_word' id='word_1_270' title='bbox 152 4151 258 4203; x_wconf 79' lang='lat' dir='ltr'><strong>tandem</strong></span> <span class='ocrx_word' id='word_1_271' title='bbox 277 4171 385 4204; x_wconf 83' lang='lat' dir='ltr'><strong>uxorem</strong></span> <span class='ocrx_word' id='word_1_272' title='bbox 403 4152 481 4225; x_wconf 81' lang='lat' dir='ltr'><strong>abegi</strong></span> <span class='ocrx_word' id='word_1_273' title='bbox 499 4152 533 4203; x_wconf 87' lang='lat' dir='ltr'><strong>ab</strong></span> <span class='ocrx_word' id='word_1_274' title='bbox 551 4153 646 4207; x_wconf 82' lang='lat' dir='ltr'><strong>ianua.</strong></span> <span class='ocrx_word' id='word_1_275' title='bbox 693 4153 816 4207; x_wconf 78' lang='lat' dir='ltr'><strong>Varronis</strong></span> <span class='ocrx_word' id='word_1_276' title='bbox 834 4154 911 4206; x_wconf 83' lang='lat' dir='ltr'><strong>lectio</strong></span> <span class='ocrx_word' id='word_1_277' title='bbox 929 4153 1088 4205; x_wconf 75' lang='lat' dir='ltr'><strong>fortassean</strong></span> <span class='ocrx_word' id='word_1_278' title='bbox 1107 4149 1179 4202; x_wconf 83' lang='lat' dir='ltr'><strong>lriatu</strong></span> <span class='ocrx_word' id='word_1_279' title='bbox 1273 4195 1279 4204; x_wconf 76' lang='grc'><strong>,,</strong></span> 
     </span>
     <span class='ocr_line' id='line_1_40' title="bbox 58 4207 1177 4296; baseline -0.01 -15"><span class='ocrx_word' id='word_1_280' title='bbox 58 4207 161 4294; x_wconf 65' lang='lat' dir='ltr'><strong>³d¹¹¹l⁸⁸0</strong></span> <span class='ocrx_word' id='word_1_281' title='bbox 179 4223 282 4276; x_wconf 80' lang='lat' dir='ltr'><strong>delendi</strong></span> <span class='ocrx_word' id='word_1_282' title='bbox 298 4226 388 4291; x_wconf 76' lang='lat' dir='ltr'><strong>possit.</strong></span> <span class='ocrx_word' id='word_1_283' title='bbox 504 4223 580 4296; x_wconf 83' lang='lat' dir='ltr'><strong>abegi</strong></span> <span class='ocrx_word' id='word_1_284' title='bbox 599 4224 643 4293; x_wconf 83' lang='lat' dir='ltr'><strong>ab]</strong></span> <span class='ocrx_word' id='word_1_285' title='bbox 664 4241 705 4291; x_wconf 80' lang='lat' dir='ltr'><strong>vg.</strong></span> <span class='ocrx_word' id='word_1_286' title='bbox 742 4223 777 4274; x_wconf 89' lang='lat' dir='ltr'><strong>ab</strong></span> <span class='ocrx_word' id='word_1_287' title='bbox 796 4225 829 4290; x_wconf 86' lang='lat' dir='ltr'><strong>(a</strong></span> <span class='ocrx_word' id='word_1_288' title='bbox 842 4227 876 4277; x_wconf 86' lang='lat' dir='ltr'><strong>G.</strong></span> <span class='ocrx_word' id='word_1_289' title='bbox 905 4234 930 4274; x_wconf 77' lang='grc' dir='ltr'><strong>α’</strong></span> <span class='ocrx_word' id='word_1_290' title='bbox 952 4225 990 4291; x_wconf 85' lang='lat' dir='ltr'><strong>a.)</strong></span> <span class='ocrx_word' id='word_1_291' title='bbox 1009 4224 1084 4294; x_wconf 84' lang='lat' dir='ltr'><strong>regia</strong></span> <span class='ocrx_word' id='word_1_292' title='bbox 1102 4220 1177 4273; x_wconf 91' lang='lat' dir='ltr'><strong>codd.</strong></span> 
     </span>
     <span class='ocr_line' id='line_1_41' title="bbox 58 4277 1178 4368; baseline -0.008 -19"><span class='ocrx_word' id='word_1_293' title='bbox 58 4277 173 4357; x_wconf 61' lang='lat' dir='ltr'><strong>Eimflm]</strong></span> <span class='ocrx_word' id='word_1_294' title='bbox 192 4310 224 4348; x_wconf 83' lang='lat' dir='ltr'><strong>ex</strong></span> <span class='ocrx_word' id='word_1_295' title='bbox 242 4297 340 4350; x_wconf 83' lang='lat' dir='ltr'><strong>incerta</strong></span> <span class='ocrx_word' id='word_1_296' title='bbox 358 4295 451 4368; x_wconf 85' lang='lat' dir='ltr'><strong>labala.</strong></span> <span class='ocrx_word' id='word_1_297' title='bbox 482 4295 566 4349; x_wconf 82' lang='lat' dir='ltr'><strong>Bollre</strong></span> <span class='ocrx_word' id='word_1_298' title='bbox 579 4299 608 4350; x_wconf 93' lang='lat' dir='ltr'><strong>P.</strong></span> <span class='ocrx_word' id='word_1_299' title='bbox 622 4299 666 4351; x_wconf 86' lang='lat' dir='ltr'><strong>Sc.</strong></span> <span class='ocrx_word' id='word_1_300' title='bbox 678 4297 709 4350; x_wconf 84' lang='lat' dir='ltr'><strong>L.</strong></span> <span class='ocrx_word' id='word_1_301' title='bbox 721 4299 754 4362; x_wconf 86' lang='lat' dir='ltr'><strong>V,</strong></span> <span class='ocrx_word' id='word_1_302' title='bbox 765 4302 789 4350; x_wconf 76' lang='grc'><strong>1,</strong></span> <span class='ocrx_word' id='word_1_303' title='bbox 803 4315 827 4365; x_wconf 84' lang='lat' dir='ltr'><strong>p.</strong></span> <span class='ocrx_word' id='word_1_304' title='bbox 836 4300 880 4352; x_wconf 85' lang='grc'><strong>68.</strong></span> <span class='ocrx_word' id='word_1_305' title='bbox 895 4296 926 4352; x_wconf 84' lang='lat' dir='ltr'><strong>lt.</strong></span> <span class='ocrx_word' id='word_1_306' title='bbox 935 4301 978 4352; x_wconf 84' lang='lat'><strong>10.</strong></span> <span class='ocrx_word' id='word_1_307' title='bbox 1050 4291 1178 4356; x_wconf 82' lang='lat' dir='ltr'><strong>Ennium]</strong></span> 
     </span>
    </p>
   </div>
   <div class='ocr_carea' id='block_1_18' title="bbox 255 4483 319 4543">
    <p class='ocr_par' dir='ltr' id='par_1_21' title="bbox 255 4483 319 4543">
     <span class='ocr_line' id='line_1_42' title="bbox 286 4483 289 4492; baseline 0 0"><span class='ocrx_word' id='word_1_308' title='bbox 286 4483 289 4492; x_wconf 92' lang='grc'><em>,</em></span> 
     </span>
     <span class='ocr_line' id='line_1_43' title="bbox 255 4513 319 4543; baseline 0 0"><span class='ocrx_word' id='word_1_309' title='bbox 255 4523 259 4538; x_wconf 60' lang='lat'><strong><em>⁴</em></strong></span> <span class='ocrx_word' id='word_1_310' title='bbox 312 4513 319 4543; x_wconf 85' lang='grc' dir='ltr'>Ι</span> 
     </span>
    </p>
   </div>
   <div class='ocr_carea' id='block_1_19' title="bbox 0 0 1442 4812">
    <p class='ocr_par' dir='ltr' id='par_1_22' title="bbox 0 0 1442 4812">
     <span class='ocr_line' id='line_1_44' title="bbox 0 0 1442 4812; baseline 0 0"><span class='ocrx_word' id='word_1_311' title='bbox 0 0 1442 4812; x_wconf 95' lang='lat' dir='ltr'><strong> </strong></span> 
     </span>
    </p>
   </div>
  </div>
 </body>
</html>
