2864 4814
288 257 365 332 ΗΟ
706 280 826 323 urana
854 244 1023 324 saurus.

289 450 398 539 baec,
425 456 477 517 est
501 467 626 515 carisa:
669 443 705 512 in
732 439 864 538 aliquot
884 439 987 512 rebus
1012 441 1092 514 item
1107 447 1153 514 ot
1178 459 1326 534 praeco,
1364 461 1422 506 ac·

291 575 416 622 census
442 545 616 636 molebat,
645 568 756 640 aquo
781 567 1000 615 accensus
1024 563 1161 637 qnoque
1181 539 1309 610 dictus.
1348 533 1428 608 Ac·

290 677 432 724 censum
465 647 604 720 solitum
639 646 750 738 ciere,
785 646 929 718 Boeotia
957 640 1104 715 ostendit
1110 691 1124 735 ,9
1157 666 1261 738 qnam
1287 665 1428 726 comae-f

194 815 198 824 .
290 753 383 826 diam
408 747 569 847 Aquini*
594 772 668 820 esse
694 746 833 840 dicunt,
869 745 937 818 boc
959 770 1083 817 versu:
1427 757 1428 772 ¹

122 879 125 882 ’
226 903 276 972 ²23
410 875 481 944 Ubi
509 874 674 968 primum
700 895 876 942 accensus
903 871 1096 952 clqmcmat,
1121 865 1324 935 meridiem.
1427 861 1428 922 Ὗ

291 996 374 1067 Hoc
407 992 498 1064 idem
534 989 729 1063 Cosconius
762 991 798 1062 in
828 989 1021 1063 actionibus
1049 985 1187 1075 scribit,
1229 994 1428 1081 praetorem}

292 1121 477 1168 accensum
505 1093 645 1165 solitum
671 1117 745 1164 esse
769 1090 907 1186 iubere,
944 1091 1004 1164 ubi
1036 1092 1068 1161 ei
1093 1085 1273 1160 videbatur
1303 1085 1421 1158 boram

291 1222 366 1268 esse
398 1196 556 1290 tertiam,
598 1194 784 1266 inclamare
813 1192 934 1266 boram
965 1194 1099 1266 tertiam
1133 1215 1230 1282 esse,
1272 1189 1420 1286 itemque

291 1296 468 1372 meridiem
494 1309 527 1368 ct
552 1294 675 1368 horam
699 1322 839 1368 nonam.
1427 1347 1428 1426 3

181 1523 185 1528 ‚
403 1429 471 1503 90.
511 1431 694 1504 Circum
716 1458 891 1505 moeros
920 1431 1009 1502 mitti
1034 1429 1154 1501 solitus
1176 1424 1353 1524 quomodo
1376 1426 1428 1520 ini

290 1535 410 1608 liceret
434 1535 601 1634 populum
627 1537 665 1605 in
686 1562 765 1606 enm
789 1533 936 1626 locum*‚
974 1531 1067 1604 unde
1093 1555 1217 1603 vocare
1242 1539 1364 1626 posset
1383 1526 1428 1597 ad

291 1639 504 1725 contionem,
544 1663 615 1708 non
650 1637 763 1708 solum
795 1635 840 1706 ad
877 1634 1038 1708 consules
1072 1643 1108 1705 et
1138 1656 1320 1721 censores,
1367 1628 1421 1700 sed

230 1751 282 1832 {⁶}
293 1740 395 1809 ctiam
420 1748 640 1833 quaestores,
679 1738 961 1832 commentarium
989 1733 1121 1806 indicat
1142 1745 1241 1804 vetus
1268 1733 1428 1828 anquisii

248 1840 395 1910 astionis
419 1838 474 1913 Μ.
500 1837 616 1937 Sergii
640 1838 740 1912 Mani
771 1837 833 1909 filii
866 1837 1093 1929 Quaestoris,
1130 1837 1190 1933 qui
1217 1835 1343 1930 capitis
1371 1857 1421 1903 ac-

293 1942 436 2012 cusavit·
450 1939 632 2040 Trogum3
666 1943 793 2038 inqua
819 1941 870 2012 sic
897 1950 968 2012 est:
1427 1955 1428 2036 l

405 2065 470 2140 91.
513 2072 694 2166 Αιιερὶοἰο
730 2073 874 2141 orando
906 2072 992 2139 sede
1020 2072 1058 2139 in
1089 2071 1222 2164 templo
1252 2071 1420 2163 auspicii,

222 2181 281 2249 (⁶³)
342 2175 430 2242 dum
465 2187 532 2243 arat
566 2177 619 2244 od
656 2177 879 2244 Praetorem
909 2185 974 2242 ant
1000 2175 1053 2243 od
1081 2171 1273 2241 Consulem
1298 2175 1420 2243 critias

342 2277 549 2372 auspicium
572 2278 742 2372 petitum.

403 2465 455 2530 89.
477 2479 551 2543 irem]
567 2478 716 2548 Gryphiana
732 2479 931 2546 et'Augustlnns
948 2479 974 2530 in
991 2474 1227 2530 Emendatiouibus.
1263 2472 1334 2523 idem
1354 2473 1421 2526 codd.

281 2546 332 2603 ¹cni
351 2553 432 2603 verbo
450 2561 491 2604 est
509 2551 581 2602 addit
599 2555 633 2602 G.
733 2550 864 2614 ueniebat]
880 2568 921 2615 vg.
959 2547 1106 2616 decipiebat
1124 2547 1199 2599 codd.
1288 2545 1428 2615 Aquilii'b

292 2623 429 2674 Turnebus
448 2629 475 2674 et
494 2623 640 2673 Gronovius
659 2637 716 2673 ann.
735 2622 768 2673 ad
787 2623 854 2673 Gell.
873 2621 926 2684 tn,
943 2624 968 2672 3.
1012 2617 1065 2668 alii
1079 2619 1153 2671 codd.
1195 2617 1236 2667 M.
1254 2616 1334 2666 Attii
1359 2617 1420 2668 docti

293 2695 340 2761 viri
358 2695 430 2760 apud
446 2693 625 2762 Augustinum.
661 2693 705 2744 Ex
723 2694 810 2746 Gellio
828 2692 993 2758 intelligitur,
1011 2690 1145 2742 Boeotiam
1163 2687 1325 2742 comoediam
1349 2691 1419 2754 volgo

293 2766 397 2829 Aquilio
415 2765 492 2816 fuisse
511 2764 675 2828 attributam,
708 2765 740 2814 ab
759 2765 816 2830 ipso
834 2769 920 2814 autem
938 2757 1055 2816 Varrone
1073 2763 1166 2815 Plauto
1184 2774 1243 2812 esse
1260 2761 1419 2812 vindicatam.

231 2893 232 2896 ,
294 2837 447 2902 Quanquam
461 2835 497 2887 ibi
511 2851 603 2886 nomen
618 2836 719 2900 Aquilii'
729 2850 780 2886 non
799 2850 903 2901 prorsus
921 2840 1019 2886 centurn
1038 2839 1092 2897 est;
1111 2833 1232 2899 quocirca
1243 2831 1346 2882 Attilii
1361 2832 1418 2884 coni.

292 2908 407 2975 Papus,
434 2907 590 2959 assentiente
614 2908 718 2958 Osanna
739 2907 811 2957 Anat.
836 2906 892 2958 crit.
918 2923 942 2973 p.
959 2909 1017 2957 153.
1071 2904 1157 2956 Bothe
1175 2905 1205 2955 P.
1221 2904 1265 2954 Sc.
1285 2903 1318 2954 L.
1340 2905 1376 2969 V,
1392 2903 1417 2954 n.

292 2997 318 3048 p.
331 2982 375 3031 37.
499 2977 644 3044 clamarat]
662 2977 737 3030 codd.
781 2975 906 3026 clamarit
924 2977 1043 3028 Osannus
1058 2977 1132 3030 Anat.
1150 2976 1206 3027 crit.
1225 2993 1250 3042 p,
1263 2977 1325 3026 185.
1377 2972 1428 3042 Qui

290 3051 365 3101 locus
384 3049 511 3114 quomodo
529 3065 587 3101 cum
605 3051 650 3102 illo
669 3065 702 3102 ex
719 3049 829 3101 Boeotia
846 3047 914 3116 apud
933 3049 1046 3100 Gellium
1063 3047 1117 3112 ΙΙΙ,
1134 3051 1160 3100 3.
1181 3046 1214 3097 de
1232 3047 1334 3098 solariis
1356 3055 1428 3098 eon-l

293 3121 427 3188 ponendus
445 3123 492 3186 sit,
517 3122 604 3174 variae
621 3121 764 3187 excogitari
782 3126 890 3189 possunt
908 3121 1027 3170 rationes.
1086 3114 1089 3119 ’
1141 3117 1250 3168 solitum
1268 3118 1339 3182 esse]
1356 3121 1380 3170 b.
1398 3111 1428 3166 uti

292 3192 436 3254 Victorius,
462 3193 613 3260 Scioppius:
648 3194 766 3260 idemque
790 3192 881 3259 probat
905 3192 1059 3258 Spengellus
1084 3208 1109 3258 p.
1120 3189 1192 3242 xlv.
1236 3187 1351 3239 solitam
1372 3199 1428 3246 tan

292 3262 339 3328 (to
357 3262 407 3328 H.)
426 3278 481 3312 esse
499 3269 559 3314 cett.
571 3261 645 3318 codd.
727 3261 864 3314 Meridiem
882 3278 1004 3314 accensus
1022 3261 1215 3329 pronuntiabat,
1234 3275 1292 3310 cum
1311 3277 1327 3310 a
1349 3259 1428 3313 Curial

216 3354 220 3368 ¹
291 3335 359 3386 iuter
375 3333 473 3386 Rostra
491 3340 518 3384 et
536 3336 718 3388 Graecostasin
736 3336 817 3388 solem
835 3339 1013 3402 prospexerat.
1031 3333 1098 3386 Plin.
1115 3331 1149 3384 N.
1168 3332 1202 3383 H.
1222 3331 1287 3396 Vll,
1309 3337 1356 3384 60.

404 3435 456 3500 90.
487 3449 597 3514 moeros]
616 3450 722 3501 Fulvius
740 3450 864 3512 Ursinus3
897 3449 974 3516 idque
1000 3451 1113 3517 postulat
1136 3448 1318 3516 disputationis
1345 3439 1428 3506 ordod

291 3537 350 3576 nam
369 3522 550 3590 explicandum
568 3537 635 3572 nnnc
654 3522 714 3586 quid
731 3523 764 3572 sit
781 3520 844 3571 illud
863 3519 894 3568 de
912 3519 1005 3572 moeris
1022 3537 1115 3571 vocare
1133 3523 1208 3584 §.et
1245 3537 1333 3570 auras
1350 3518 1428 3572 ceddi

291 3612 356 3644 oras
373 3610 414 3660 vg.
564 3591 672 3656 locum]
691 3607 733 3656 vg.
766 3607 816 3643 om.
836 3585 911 3642 codd.
954 3595 995 3644 An
1013 3593 1109 3660 ellipsis
1130 3609 1155 3644 v.
1173 3589 1247 3642 locus
1265 3591 1428 3645 admittenda

292 3672 362 3730 erat,
380 3673 410 3716 ut
427 3681 451 3717 v.
465 3664 521 3716 dies
538 3663 571 3729 V,
590 3663 657 3716 aaa
692 3661 728 3714 Et
745 3662 779 3714 el.
797 3657 830 3727 V,
849 3666 910 3714 tao.
1023 3661 1224 3733 ammonaria]
1244 3665 1313 3715 coni.
1331 3668 1416 3730 Augu-

289 3739 372 3790 stinus
389 3738 415 3788 in
433 3753 514 3802 marg.
551 3734 733 3806 inquisitionis
752 3733 826 3785 codd.
862 3733 929 3786 lllud
947 3734 1002 3786 sine
1020 3734 1098 3786 dnbio
1116 3735 1200 3801 aptius
1219 3739 1267 3800 est,
1286 3741 1316 3787 et
1334 3739 1428 3788 notun}

290 3814 354 3874 quot
378 3809 442 3860 locis
467 3824 515 3876 pro
541 3807 709 3872 anquisitione
732 3806 922 3871 inquisitionem
940 3805 1041 3858 dederit
1058 3806 1218 3859 librariorum
1235 3808 1346 3860 incuria.
1383 3805 1428 3856 cl*

289 3882 368 3944 §.92
525 3877 692 3945 Quaesieris]
704 3879 738 3932 G.
764 3883 794 3928 ut
817 3882 893 3944 puto,
917 3879 984 3929 sicut
1001 3894 1043 3944 vg.
1112 3887 1247 3929 uuestores
1266 3887 1330 3932 cett.
1351 3877 1428 3934 codd}

293 3949 420 4020 trogum]
436 3964 478 4014 vg.
522 3966 615 4019 rogam
633 3948 708 4002 codd.
751 3949 858 4000 Scilicet
876 3957 888 3998 t
911 3950 936 4000 in
955 3949 1080 4017 principio
1094 3897 1171 4000 buius
1190 3951 1260 4004 vocis
1277 3951 1351 4003 tinali
1369 3961 1381 4000 t
1397 3959 1428 4012 n]

291 4021 431 4072 accusavit
451 4020 607 4072 eliminatum
627 4027 674 4072 est.
694 4020 763 4072 ⁴Sed
781 4023 805 4086 ς.
818 4023 861 4072 92.
886 4022 957 4092 trogi
974 4022 1051 4072 etlam
1063 4022 1089 4072 in
1103 4022 1178 4075 codd.
1191 4029 1239 4073 est.
1358 4019 1428 4090 qual

290 4106 332 4157 vg.
360 4099 387 4144 et
404 4089 464 4146 fort.
482 4091 522 4143 ab.
560 4107 634 4162 aqua
652 4091 735 4144 FGH.
1165 4103 1167 4108 ·
1427 4089 1428 4106 *

290 4251 299 4278 s
404 4194 455 4258 91.
479 4205 599 4276 auspicio
617 4207 730 4272 orando]
743 4205 819 4260 codd.
836 4211 865 4258 nt
877 4223 918 4274 vg.
938 4207 986 4260 nisi
1000 4206 1068 4274 qnod
1080 4168 1230 4276 auspicium
1244 4227 1266 4262 a.
1283 4218 1311 4262 et
1325 4201 1428 4266 orande

217 4307 218 4324 ι
290 4279 355 4334 nab,
374 4278 532 4332 etorandoa
542 4279 603 4330 GH.
639 4278 819 4346 auspiciorum
838 4278 904 4330 ando
922 4280 1008 4335 Ursini
1026 4281 1099 4344 cod,
1123 4281 1200 4347 idque
1218 4283 1317 4349 recepit
1336 4283 1428 4348 sper-1

291 4353 383 4420 gelius.
498 4348 568 4413 aede]
588 4349 673 4401 Ursini
691 4349 748 4402 cod.
775 4356 804 4402 ut
822 4367 864 4418 vg,
900 4351 948 4402 aad
965 4356 1026 4405 cett.
1044 4351 1120 4404 codd.
1233 4351 1363 4420 auspicii]
1380 4365 1428 4414 ig.¹
