2874 4804
131 296 134 303 ,
273 211 356 290 256
663 239 784 286 trouu
824 236 1018 286 necruus.

273 403 382 476 dunt:
420 401 574 474 trabes
600 398 748 495 trabs,
789 398 946 492 duces,
977 398 1078 471 dux.
1195 398 1263 473 57.
1302 402 1402 477 Vide-

272 533 350 577 mus
375 506 487 594 enim,
516 530 559 575 ex
583 502 637 574 his
663 501 778 574 verbis
804 501 939 593 trabes,
966 501 1074 573 duces
1099 500 1142 572 de
1165 512 1318 574 extrema
1339 505 1406 604 spl-

273 605 352 678 laba
386 607 419 677 E
452 606 585 678 literam
618 604 815 696 exclusam,
856 613 893 676 et
924 603 1003 675 ideo
1025 604 1062 674 in
1088 603 1255 701 singulari
1281 605 1408 679 factum

213 728 262 800 ⁶28
275 733 352 780 esse
377 706 493 800 trabs,
523 707 614 778 dux:
650 717 771 778 contra
796 733 841 778 ex
866 703 1099 804 singularibus
1122 731 1194 776 nou
1219 716 1291 776 tam
1315 708 1408 780 ride·

272 837 371 902 mus,
404 809 693 906 quemadmodum
725 809 817 882 lecta
850 808 921 879 sint
948 834 992 879 ex
1016 808 1050 878 B
1075 819 1110 878 et
1135 806 1164 878 S
1186 805 1282 879 trabs
1309 821 1409 882 etex

273 911 305 984 G
330 923 364 983 et
384 909 413 984 S
433 911 516 981 dux.
633 907 703 981 58.
737 907 1028 982 simulitudinis
1053 920 1168 980 rectus
1194 935 1297 982 casus
1323 911 1409 984 sorte

272 1013 385 1110 ligura
422 1023 584 1108 corrupta
615 1015 702 1103 erit,
746 1010 783 1082 id
816 1011 911 1108 quod
946 1010 1073 1083 accidit
1103 1017 1203 1102 rard,
1242 1015 1344 1108 prius
1376 1015 1408 1108 id

272 1115 485 1212 corrigemus
517 1139 620 1210 quam
654 1112 735 1186 inde
761 1113 954 1185 ordiemur:
993 1113 1069 1184 *aut
1093 1112 1151 1184 de*
1177 1113 1330 1210 obliquis
1356 1141 1407 1186 as·

272 1242 408 1287 sumere
433 1215 604 1313 oportebit
627 1214 757 1314 ligurus
783 1242 854 1306 ees,
883 1240 971 1314 quae
995 1241 1066 1287 non
1087 1225 1193 1286 erunt·
1209 1216 1404 1316 ambiguae,

271 1320 344 1390 sive
369 1318 561 1416 singulares
592 1317 665 1390 sive
693 1316 944 1408 multitudinis,
979 1342 1023 1388 ex
1049 1315 1177 1414 quibus
1202 1318 1239 1389 id
1264 1322 1406 1414 quoius·

244 1419 366 1491 modi
391 1419 493 1491 debet
515 1445 613 1510 esse,
640 1421 791 1516 perspici
813 1420 934 1518 possit.
1102 1414 1171 1488 59.
1202 1420 1295 1490 Nam
1323 1425 1432 1492 non-l

188 1535 196 1556 ⁶
270 1546 448 1618 nunquam
475 1521 621 1592 alterum
647 1547 690 1592 ex
715 1521 823 1594 altero
845 1521 995 1609 videtur,
1025 1530 1063 1590 ut
1080 1518 1300 1618 Chrysippus
1323 1526 1407 1594 scri-

270 1621 344 1715 bit,
390 1622 679 1719 quemadmodum
720 1636 818 1719 pater
848 1649 891 1694 ex
922 1621 996 1692 lilio
1029 1632 1064 1692 et
1092 1620 1184 1692 lilius
1216 1649 1259 1694 ex
1293 1636 1406 1721 patre,

270 1748 383 1820 neque
408 1725 522 1794 minus
547 1726 583 1793 in
608 1723 800 1795 fornicibus
822 1735 963 1821 propter
988 1723 1161 1793 sinistram
1184 1723 1304 1796 dextra
1326 1738 1405 1817 stat,
1431 1729 1432 1804 l

270 1849 375 1920 quam
400 1834 540 1923 propter
565 1823 719 1895 dextram
742 1819 892 1902 sinistra.
934 1824 1157 1922 Quapropter
1181 1838 1216 1897 et
1240 1853 1284 1898 ex
1304 1831 1408 1900 rectis

269 1924 409 1998 casibus
434 1925 584 2022 obliqui,
612 1937 714 1997 etex
739 1925 888 2023 obliquis
908 1927 1017 2016 recti,
1046 1938 1080 1997 et
1105 1953 1148 1998 ex
1172 1928 1432 2026 singularibus

271 2027 521 2118 multitudinis,
558 2037 661 2099 etex
685 2027 914 2099 multitudinis
936 2027 1128 2124 singulares
1154 2055 1406 2127 nonuunquam
1431 2019 1432 2070 ³

155 2205 160 2216 ¹
269 2130 466 2225 recuperari
491 2139 651 2225 possunt.
774 2127 843 2200 60.
883 2129 1101 2226 Principium
1124 2130 1161 2201 id
1187 2133 1405 2228 potissimum

269 2232 369 2327 sequi
400 2229 583 2321 debemus,
623 2239 664 2300 ut
697 2231 734 2300 in
766 2257 808 2302 eo
840 2230 1101 2304 fundamentum
1135 2234 1179 2304 sit
1203 2236 1240 2304 iu
1266 2246 1404 2326 natura,

269 2332 373 2428 quod,
397 2334 435 2403 in
468 2329 756 2404 declinationibus
792 2332 841 2403 ibi
874 2329 1011 2404 facilior
1043 2335 1144 2406 ratio.
1193 2334 1406 2419 ‚Facile-est

233 2438 236 2444 '
270 2435 363 2504 enim
396 2433 686 2526 animadvertere,
724 2446 905 2530 peccatum
939 2436 1049 2532 magis
1082 2435 1205 2509 cadere
1233 2464 1340 2533 posse
1371 2442 1406 2510 in

206 2555 258 2625 {72
271 2536 506 2632 impositiones
527 2559 603 2626 eas,
632 2561 721 2632 quae
745 2530 835 2608 liunt
858 2535 1060 2633 plerumque
1085 2538 1122 2608 in
1142 2541 1246 2610 rectis
1267 2540 1407 2613 casibus

270 2636 517 2734 singularibus,
545 2637 639 2733 quod
662 2636 819 2709 homines
841 2640 989 2734 imperiti
1013 2649 1046 2712 et
1067 2638 1211 2735 dispersi
1232 2641 1406 2734 voeabula
1431 2717 1432 2728 ἶ

268 2733 374 2810 rebus
398 2739 594 2837 imponunt,
623 2764 832 2836 quoeunque
857 2765 916 2812 eos
941 2737 1050 2811 libido
1074 2741 1250 2836 invitavit,
1279 2755 1406 2816 natura

381 2938 433 3003 57.
460 2949 548 3016 trabs]
565 2951 596 3003 r.
634 2948 725 3003 nares
743 2951 820 3005 eui.
902 2952 969 3019 aas]
985 2954 1016 3007 r.
1053 2953 1133 3005 uices
1146 2955 1223 3008 uua.
1258 2956 1313 3010 ure
1331 2961 1406 3015 rocus

223 3049 224 3052 ¹
267 3031 357 3092 aperte
371 3025 473 3089 indicat,
496 3029 552 3076 tum
569 3022 646 3075 scribi
660 3024 764 3076 solitum
779 3040 836 3077 esse
855 3032 940 3092 traps,
958 3027 1025 3078 sicut
1044 3045 1108 3094 urps
1127 3033 1153 3078 et
1172 3027 1272 3080 similia.
1311 3027 1405 3086 Queri.

267 3112 345 3162 quam
362 3098 418 3163 ipse
431 3099 525 3160 Varro,
544 3096 640 3163 quippe
662 3095 851 3162 etymologicae
870 3095 1067 3166 orthographiae
1086 3105 1176 3150 auctor
1191 3104 1218 3150 et
1236 3105 1406 3157 commenda-

268 3172 325 3234 tor,
344 3165 419 3216 trabs
436 3167 598 3218 scribendum
617 3183 673 3218 esse
691 3169 832 3234 praecepit.
863 3169 971 3236 ,Trepm
991 3170 1079 3222 scribit
1099 3170 1268 3222 Cassiodorus
1285 3191 1313 3240 p.
1322 3179 1403 3229 2291.

266 3237 315 3303 P.‚
339 3235 374 3288 ab
391 3255 421 3288 eo
463 3236 516 3287 uod
533 3236 633 3288 dicitur
651 3236 749 3304 trabis,
775 3248 802 3288 et
827 3257 892 3306 urps
906 3258 956 3308 per
971 3243 997 3290 P
1017 3238 1092 3290 debet
1110 3239 1204 3306 scribi,
1230 3240 1293 3292 licet
1315 3247 1404 3298 Varro

262 3327 315 3378 per
338 3311 364 3358 B
387 3257 553 3360 scriiendum
575 3317 670 3375 putet,
696 3307 769 3378 quod
790 3309 819 3360 in
845 3309 956 3380 reliquis
985 3309 1091 3362 casibus
1115 3315 1140 3362 B
1164 3309 1290 3364 habeant.
1334 3317 1403 3370 Hinc
1431 3359 1432 3374 ,

268 3379 426 3448 euphonicae
451 3381 468 3431 l.
487 3379 519 3451 L.
538 3380 610 3445 leges
634 3381 786 3434 obscuratae
810 3387 887 3446 sunt,
907 3398 941 3434 ex
964 3384 1055 3449 quibus
1080 3383 1100 3434 S
1125 3383 1210 3436 tenuis
1235 3385 1312 3438 litere
1338 3397 1402 3454 erat,
1431 3375 1432 3436 l

268 3457 371 3503 etcum
396 3451 514 3504 tenuibus
540 3452 760 3516 committebatur,
785 3452 852 3504 sicut
868 3454 963 3506 Atticis
985 3473 1001 3506 σ
1019 3455 1132 3524 aspirata
1150 3461 1224 3521 erat,
1249 3471 1319 3524 quae
1336 3477 1402 3513 uon.
1431 3471 1432 3484 ¹

263 3524 316 3576 uisi
333 3539 392 3576 cum
410 3523 528 3592 aspiratis
544 3524 616 3588 iungi
633 3529 730 3590 posset.
1431 3493 1432 3566 l

367 3623 433 3688 ·58.
464 3634 801 3702 semermemque,
845 3635 1029 3692 ..emissuras
1047 3639 1123 3696 coda.
1168 3641 1193 3694 s
1216 3641 1401 3699 simetrius.
1431 3607 1432 3634 ¹

267 3725 311 3776 vg.
379 3773 383 3782 .
423 3710 486 3759 *aut
505 3708 561 3774 dd]
579 3708 675 3760 addere
693 3724 799 3760 necesse
818 3707 904 3764 habui.
1017 3712 1157 3782 opertebit]
1176 3716 1243 3768 coni.
1264 3728 1399 3786 ,oportere

242 3791 254 3829 ἲ
266 3779 342 3832 codd.
456 3779 651 3845 multitudinis]
669 3795 711 3846 vg.
736 3777 937 3834 ,multitudines
954 3781 1030 3838 codd.
1056 3785 1103 3836 sed
1121 3785 1154 3837 de
1171 3802 1196 3838 a.
1220 3778 1273 3840 nori
1289 3798 1398 3842 constet.

266 3848 354 3926 debet]
374 3849 449 3902 codd.
476 3851 510 3903 ci.
529 3867 586 3904 ann.
606 3851 639 3903 ed
657 3852 690 3917 V,
708 3854 769 3904 140.
798 3851 851 3918 vl,
869 3857 913 3908 82.
1041 3855 1140 3924 possit]
1158 3857 1260 3927 scripsi.
1292 3863 1400 3930 possint
1431 3877 1432 3906 τ

265 3923 300 3974 G.
334 3931 449 3992 possunt
467 3927 528 3975 cett.
545 3922 621 3976 codd.
1431 3933 1432 3942 ’

376 4025 428 4089 59.
455 4035 651 4104 multitudinis]
675 4039 834 4092 restanus.
884 4039 1071 4094 musterium
1095 4043 1169 4098 codd.
1194 4047 1242 4099 sea
1260 4047 1295 4100 ae
1312 4065 1337 4102 a.
1359 4050 1399 4102 n·
1424 4007 1432 4060 .‘

267 4114 373 4163 certum.
488 4108 684 4178 multitudinis]
702 4111 776 4164 FHa.
813 4109 1032 4165 multitudinibus
1050 4115 1084 4168 G.

321 4209 432 4344 UtGssll.
456 4223 661 4293 estenim1Ga.
697 4225 765 4277 euim
782 4236 822 4278 est
839 4227 871 4280 F.
915 4228 984 4280 euim
1002 4229 1037 4282 H.
1167 4232 1315 4304 invitavit]
1332 4237 1396 4290 inei-

266 4303 324 4343 tuur
384 4331 390 4343 .
