2864 4814
256 276 311 351 58
665 299 786 344 cisun
816 297 1012 358 ournrus.

258 485 461 558 responsum
487 459 601 532 Deum
625 457 786 534 Manium
811 455 1029 557 postilionem
1052 454 1226 552 postulare
1251 455 1317 551 id‘,
1345 461 1386 530 ci·

151 596 154 610 ¹
258 589 337 636 vem
369 561 594 634 fortissimum
626 585 667 634 eo
692 561 836 634 demitti.
902 559 997 630 Tum
1027 555 1203 655 quendam
1235 556 1387 632 Curtium
1424 623 1425 628 ,

259 659 368 736 civem
395 663 519 735 sortem
545 673 713 734 armatum
738 660 937 735 ascendisse
963 660 998 731 in
1025 685 1172 756 equum,
1200 670 1237 734 et
1259 686 1280 731 a
1300 659 1387 733 Con·
1424 749 1425 756 ἵ

260 765 379 838 cordia
411 790 549 836 versum
585 789 665 835 cum
698 789 789 860 equo
824 789 866 837 co
897 763 1182 859 praecipitatum3
1230 788 1271 834 eo
1304 763 1388 835 iacto
1424 769 1425 846 ζ

258 868 376 940 locum
408 865 518 938 coisse
561 876 663 961 atque
697 867 770 938 cius
804 890 930 962 corpus
963 862 1127 936 divinitus
1158 862 1321 936 humasse
1353 889 1387 935 ac
1424 927 1425 930 ,

208 1035 211 1048 ,
258 969 439 1065 reliquisse
464 968 558 1064 genti
584 992 666 1038 suae
691 977 965 1040 monumentum.
1123 962 1216 1036 119.
1245 965 1387 1038 Pisoin

261 1067 459 1142 Annalibus
487 1065 630 1160 scribit,
668 1067 801 1142 Sabino
826 1067 941 1161 bello,
979 1064 1072 1165 quod
1097 1065 1164 1139 i'uit
1188 1067 1342 1140 Romulo
1361 1077 1388 1138 ct
1424 1105 1425 1128 a

204 1171 389 1270 gep'l'atio,
428 1171 541 1240 virum
576 1169 801 1248 fortissimum
831 1169 981 1264 Metium
1016 1166 1176 1240 Curtium
1208 1167 1386 1260 Sabinum,
1424 1165 1425 1170 ’

263 1298 368 1371 quom
397 1271 571 1344 Romulus
598 1297 677 1343 cnm
702 1275 775 1345 suis
790 1279 844 1346 'ex
873 1272 1050 1369 superiore
1075 1283 1172 1367 parte
1196 1270 1387 1368 impressio·

217 1398 341 1464 canem
373 1372 534 1466 fecisset,
574 1370 735 1446 Curtium
761 1377 799 1446 in
831 1373 948 1445 locum
980 1370 1190 1470 palustrem,
1227 1373 1289 1468 qui
1323 1383 1387 1444 tum

259 1474 328 1547 luit
350 1475 389 1546 in
417 1475 514 1566 foro,
555 1486 738 1573 antequam
765 1475 904 1548 cloacae
929 1485 1011 1547 sunt
1040 1473 1172 1566 factae,
1199 1475 1386 1564 secessisse,
1423 1495 1425 1572 ᾗ

260 1587 364 1675 atque
385 1575 429 1648 ad
455 1601 537 1647 suos
562 1577 678 1650 se*·in
696 1575 905 1675 Capitolium
926 1575 1099 1673 recepisse
1111 1602 1122 1667 3
1155 1568 1259 1648 abeo
1283 1575 1389 1648 lacum
1423 1573 1425 1692 l

259 1678 432 1749 invenisse
457 1701 596 1749 nomen.
722 1676 816 1751 150.
853 1677 1037 1752 Cornelius
1062 1687 1098 1748 et
1121 1677 1284 1748 Lutatius
1311 1679 1388 1749 scri·
1424 1695 1425 1744 t

259 1778 361 1870 bunt,
390 1805 467 1850 eum
494 1777 609 1850 locum
636 1804 713 1851 esse
736 1780 962 1879 fulguritum,
998 1790 1033 1853 ct
1053 1805 1109 1850 ex·
1122 1778 1275 1850 Senatus
1300 1778 1385 1852 Con.

261 1892 397 1977 septum
432 1905 530 1973 esse,
569 1879 607 1951 id
639 1880 734 1979 quod
759 1879 890 1952 factum
914 1892 1005 1955 csset
1031 1905 1052 1951 a
1077 1878 1200 1952 Curtio
1222 1878 1386 1971 Consule,

260 1983 343 2080 quoi
377 1980 522 2057 Marcus
555 1980 726 2054 Genutius
760 1982 827 2054 tuit
859 1983 1012 2083 collega,
1056 1980 1215 2054 Curtium
1244 1982 1389 2080 appella·

260 2095 348 2154 tum.
464 2078 556 2154 151.
593 2081 691 2156 Arx
713 2083 758 2156 ab
784 2085 955 2177 arcendo,
990 2083 1090 2181 quod*
1109 2085 1139 2155 is
1164 2083 1263 2156 loeus
1286 2086 1389 2156 mnni-

260 2185 415 2256 tissimus
443 2181 565 2278 urbis,
600 2211 713 2282 aquo
738 2186 901 2260 facillime
926 2190 1036 2286 possit
1060 2185 1173 2257 hostis
1204 2184 1386 2281 prohiberi.

262 2285 431 2359 Carcer
457 2311 477 2357 a
505 2288 717 2381 coercendo,
754 2288 849 2384 quod
874 2291 966 2362 exire
987 2287 1128 2361 inclusi*
1154 2286 1386 2385 prohibentur.

262 2389 307 2459 ln
338 2386 406 2460 hoc
432 2414 513 2486 pars
539 2415 637 2489 qnae
657 2389 722 2462 sub
750 2402 842 2464 terra
867 2391 1154 2483 Tullianum,
1195 2388 1273 2462 ideo
1305 2387 1391 2486 quod

199 2507 250 2578 ,153
263 2487 417 2562 additum
447 2491 599 2564 aTullo
629 2519 725 2592 rege.
794 2492 900 2585 Quod
932 2493 1139 2592 Syracusis,
1174 2489 1241 2588 ,ubi
1267 2490 1389 2564 delicti*

263 2616 368 2668 causa
401 2591 664 2686 custodiuntur,
703 2605 874 2668 vocantur
898 2593 1078 2688 latomiae,
1116 2591 1197 2665 inde
1228 2591 1390 2666 Lautu-

262 2827 398 2894 Mam'um]
417 2844 460 2894 vg.
503 2827 590 2879 monio
609 2829 703 2882 codd..
848 2826 1026 2898 pomilionem]
1045 2828 1120 2882 codd.
1158 2828 1340 2898 portationem
1356 2847 1390 2896 vg.

262 2899 331 2952 Illud
349 2901 459 2964 retinui,
477 2915 535 2951 cum
555 2901 621 2953 inter
640 2901 801 2968 postilionern
820 2908 847 2954 et
865 2901 969 2970 postulo
988 2901 1076 2953 eadem
1091 2901 1124 2952 sit
1142 2902 1216 2965 ratio,
1235 2907 1315 2968 etque
1332 2904 1390 2954 inter

263 2972 396 3023 consilium
423 2977 450 3023 et
475 2973 588 3024 consulo.
636 2974 758 3026 Ceterum
789 2973 893 3042 postilio
925 2988 1018 3025 nomen
1043 2972 1156 3024 eiusdem
1181 2973 1280 3024 formae
1304 2981 1345 3025 est
1366 2989 1391 3024 ae

263 3043 378 3109 pignoris
401 3044 475 3110 capio
493 3049 519 3094 et
536 3043 635 3096 sinilia.
741 3043 794 3111 iel]
805 3063 830 3100 a.
865 3044 952 3096 idest
970 3049 1041 3108 cett,
1059 3059 1111 3110 quo
1126 3059 1215 3096 sensus
1234 3047 1390 3111 pervertitur.

264 3113 337 3166 Deus
355 3114 469 3165 Manium
495 3113 559 3167 hanc
584 3117 748 3184 postilionem
772 3118 900 3186 postulat,
927 3121 956 3167 ut
980 3117 1043 3168 civis
1067 3114 1223 3168 fortissimus
1243 3116 1391 3168 demittatur.

264 3187 434 3236 Accusativus
452 3185 546 3238 obiecti
569 3186 599 3236 id
621 3191 784 3256 componitur
802 3205 862 3240 cum
879 3188 1025 3240 accusativo
1040 3188 1150 3238 nominis
1166 3186 1285 3239 verbalis.
1322 3190 1389 3243 Quae

264 3255 368 3320 quidem
393 3261 534 3319 structura,
560 3259 669 3311 Graecis
693 3261 801 3324 usitata,
827 3259 895 3328 apud
919 3258 1052 3310 Romanos
1074 3259 1202 3310 rarissima
1227 3265 1275 3311 est.
1312 3259 1392 3308 idest
1422 3291 1423 3294 κ

265 3327 337 3378 delet
354 3327 488 3400 Scaliger,
507 3343 584 3392 quem
601 3331 651 3383 alio
671 3333 728 3383 loco
746 3338 851 3385 secutus
869 3347 948 3386 eram.
1071 3347 1101 3380 eo
1120 3328 1234 3396 demirer]
1253 3329 1391 3382 Turnebus.

264 3398 354 3472 eodem
371 3398 446 3446 neitti
463 3397 540 3451 codd.
685 3419 704 3451 a
723 3403 877 3468 Concordia]
897 3401 934 3450 ad
952 3399 1111 3451 Concordiae
1128 3402 1264 3452 votuerunt
1281 3404 1392 3466 Scaliger
1422 3435 1423 3466 ,

265 3470 464 3544 Scioppiusque
508 3469 568 3522 Non
585 3486 651 3538 opus
668 3480 723 3536 est3
750 3473 1149 3539 econcordiaeindetemp10‚
1171 3473 1239 3538 quod
1257 3474 1283 3524 iu
1302 3471 1391 3525 bormti

201 3587 204 3594 ,
266 3542 314 3592 sori
332 3548 405 3613 parte
425 3543 500 3593 situm
521 3547 589 3606 erat,
610 3543 714 3595 Curtius
732 3545 758 3596 in
776 3545 859 3596 sorum
878 3552 905 3596 et
923 3545 1007 3596 locum
1022 3544 1094 3595 illum
1112 3559 1206 3610 equum
1224 3545 1389 3596 convertebat.
1422 3541 1423 3620 i

268 3613 353 3663 Recte
371 3612 486 3666 desernit
508 3613 533 3664 id
560 3629 609 3664 uua
626 3629 684 3666 cum
702 3615 858 3668 Lucretiano
876 3616 993 3686 undique
1017 3633 1123 3666 vorsum
1141 3615 1161 3666 I.
1187 3615 1230 3668 Fr.
1250 3617 1390 3671 Gronovius
1422 3621 1423 3672 ἶ

268 3683 415 3736 Observatt.
433 3685 461 3750 l,
479 3689 506 3738 i.
525 3701 550 3753 p.
561 3688 606 3737 51.
626 3683 707 3754 (66.).
831 3703 861 3737 eo
873 3686 968 3757 sacto]
979 3685 1014 3737 H.
1050 3703 1110 3736 eum
1123 3685 1205 3756 facto
1223 3693 1285 3740 cett.

351 3802 451 3868 .149·
477 3821 611 3888 Curtium]
629 3839 673 3892 vg.
709 3821 827 3874 turcium
839 3822 870 3875 F.
907 3822 1012 3874 certios
1030 3830 1091 3876 cett.
1205 3825 1296 3894 quom]
1314 3841 1347 3877 ex
1361 3825 1390 3874 G·

265 3886 366 3953 locum]
383 3905 426 3956 vg.
462 3888 550 3941 lecum
568 3894 644 3948 codd.
771 3891 826 3962 π’]
843 3894 909 3948 coni.
928 3894 1074 3948 addendum
1090 3895 1231 3949 videbatur.

379 4013 449 4077 150.
474 4027 555 4094 esset]
568 4030 634 4082 coni.
670 4038 711 4082 eat
725 4031 799 4084 sca.
834 4047 891 4083 esse
902 4029 937 4084 H.
963 4047 1013 4085 om.
1028 4032 1053 4084 b.
1168 4031 1261 4102 Cuqio
1277 4029 1392 4094 Consule]

266 4114 333 4152 enno
350 4101 421 4152 urbis
438 4103 499 4152 ³09.
834 4109 837 4122 '
865 4149 868 4156 .

329 4270 331 4275 ,
381 4207 451 4273 151.
476 4222 597 4291 inclusi]
615 4228 701 4295 recepi
721 4243 754 4278 ex
772 4227 806 4290 b,
830 4226 873 4294 qui
891 4225 990 4278 induci.
1022 4241 1073 4278 om.
1093 4232 1155 4280 cett.
1310 4223 1391 4285 Tollo]

265 4298 304 4351 sic
322 4295 482 4350 scribendum
500 4297 626 4350 intellexit
645 4299 744 4352 codB.
755 4299 874 4367 scriptor.
905 4297 992 4348 Tullio
1005 4297 1079 4360 codd.
1187 4293 1293 4346 delicti*
1306 4293 1392 4358 causa]
1421 4305 1422 4373 p

266 4369 333 4422 coni.
350 4369 550 4434 Bergmenn.
587 4368 617 4418 de
635 4387 718 4420 causo
735 4369 809 4422 codd.
845 4368 925 4422 simili
940 4368 971 4420 de
984 4385 1069 4420 causa
1083 4386 1125 4436 vg.
1144 4384 1177 4422 ex
1194 4369 1392 4436 interpolatione.
