2864 4814
633 306 754 350 uranu
793 301 987 360 cursous.

249 469 335 540 meri
354 475 446 538 stant
462 477 497 539 et
519 467 649 538 circum
668 461 841 538 Ariciam*
866 474 900 537 ct
920 463 1052 534 circum
1072 461 1234 534 Romam.
1264 461 1381 554 Quare
1424 492 1427 533 ε

248 582 283 642 ct
315 566 464 666 oppida,
511 593 600 666 quae
631 568 729 663 prius
763 576 861 638 erant
890 562 1135 638 circumducta
1164 575 1301 657 aratro,
1343 564 1381 636 ab

248 669 333 743 orbe
365 680 399 741 et
431 695 519 742 urvo
552 666 708 760 urbes3
750 679 784 740 et
817 667 895 739 ideo
927 665 1082 738 coloniae
1112 678 1249 738 nostrae
1273 669 1383 740 omnis
1423 689 1426 767 j

169 836 173 860 ,
249 775 286 843 in
309 765 420 844 literis
442 772 594 867 antiquis
616 769 818 841 scribuntur
841 767 972 858 urbeis,
1002 765 1096 863 quod
1119 768 1200 838 item
1227 769 1383 840 conditae

249 884 289 946 ut
315 875 454 964 Roma,
492 884 526 943 ct
554 872 632 943 ideo
659 870 814 943 coloniae
838 882 877 941 ut
908 866 1012 942 urbes
1039 869 1272 962 conduntur,
1292 869 1384 968 quod
1423 865 1427 931 t

251 978 344 1046 iutra
365 974 557 1071 pomerium
582 981 773 1068 ponuntur.
925 967 1020 1041 444.
1056 969 1257 1067 Oppidum,
1293 970 1383 1068 quod
1423 1034 1427 1046 .

193 1078 401 1174 rasprimum
433 1075 611 1146 conditum
644 1075 681 1144 iu
716 1073 819 1145 Latio
851 1073 968 1171 stirpis
1006 1073 1207 1162 Romanae,
1246 1073 1383 1144 Lavi·
1425 1151 1426 1158 ἶ

190 1165 392 1270 ’Ἶιίιιωξ
428 1202 508 1248 nam
532 1172 581 1247 ibi
607 1174 655 1245 dii
678 1187 820 1271 penates
845 1174 968 1246 nostri.
1022 1173 1105 1246 Hoc
1131 1198 1151 1243 a
1175 1172 1295 1246 Latini
1315 1173 1384 1245 iilia
1425 1197 1426 1232 1

250 1303 339 1376 quae
373 1279 558 1350 coniuncta
588 1273 751 1368 Aeneae,
791 1275 960 1367 Lavinia,
1002 1273 1223 1374 appellatum.
1287 1277 1384 1346 Hinc
1424 1341 1425 1348 ,

1428 1379 1430 1400 t

249 1389 327 1478 post
360 1381 502 1478 triginta
531 1403 639 1448 annos
672 1375 847 1475 oppidum.
873 1377 1017 1449 alterum
1042 1375 1218 1448 conditum
1244 1373 1381 1470 Alba,
1429 1409 1430 1474 ξ

249 1480 285 1552 id
312 1479 356 1552 ab
381 1506 442 1551 sue
467 1478 546 1551 alba
570 1480 797 1552 nominatum.
852 1479 953 1550 Haec
977 1505 996 1550 e
1018 1480 1098 1549 navi
1115 1473 1258 1550 Aeneae
1281 1504 1384 1575 quom

251 1583 397 1680 fugisset
419 1582 628 1671 Lavinium,
657 1582 797 1680 triginta
823 1583 915 1677 parit
935 1605 1082 1679 porcos3
1111 1606 1154 1650 cx
1174 1579 1243 1650 hoo
1269 1581 1383 1677 prodi·
1424 1597 1430 1678 ³,

217 1742 224 1758 .
251 1685 309 1780 gio
341 1693 420 1779 post
455 1682 642 1752 Lavinium
677 1681 855 1754 conditum
883 1684 982 1753 anuis
1009 1683 1150 1780 triginta
1179 1680 1268 1751 haec
1303 1681 1384 1753 urbs
1424 1701 1430 1764 Q

253 1783 363 1874 iacta,
392 1790 533 1880 propter
555 1782 705 1854 colorem
728 1784 800 1853 suis
823 1794 857 1854 ct
878 1781 948 1853 loci
968 1795 1126 1854 naturam
1145 1765 1241 1852 Alba
1262 1783 1384 1881 Longa

253 1885 401 2058 ldictauR
424 1885 523 1956 Hinc
556 1895 666 1956 mater
698 1883 843 1955 Romuli
874 1883 997 1973 Rhea,
1034 1910 1077 1956 ex
1105 1882 1172 1955 hac
1196 1885 1380 1975 Romulus,
1425 1937 1430 1998 Ἀ

279 2010 336 2059 mc
411 2011 517 2059 oma.
1429 2005 1430 2012 ¹

369 2111 474 2186 445.Ι
505 2116 549 2186 ln
584 2115 712 2212 oppido
745 2116 834 2187 vici
866 2141 886 2187 a
918 2117 997 2207 via,
1039 2112 1133 2214 quod
1167 2141 1211 2186 ex
1241 2093 1383 2212 utraque
1423 2108 1430 2201 ᾗ

254 2227 351 2314 parte
377 2217 453 2288 viae
481 2228 563 2288 sunt
592 2216 761 2288 aedificia.
815 2217 1051 2289 Fundulae
1077 2244 1097 2288 a
1123 2216 1254 2309 fundo,
1293 2215 1383 2314 quod
1424 2210 1430 2339 i

252 2321 381 2390 oxitum
407 2345 477 2390 uon
500 2317 651 2412 habent,
690 2345 731 2390 ac
756 2319 914 2415 pervium
940 2345 1009 2391 uon
1039 2330 1102 2390 cst.
1156 2313 1383 2416 Angipor-

183 2453 191 2464 ·
252 2433 342 2492 tum
366 2421 440 2493 sive
460 2420 555 2519 quod
579 2420 630 2491 id*
654 2433 857 2520 angustum,
884 2421 974 2495 sivo*
996 2419 1040 2492 ab
1060 2419 1194 2520 agendo
1214 2431 1249 2492 et
1269 2433 1381 2516 portu.

190 2522 337 2614 Εἴρας)
364 2522 666 2618 conferreutsuas
693 2521 957 2614 controversias,
982 2533 1017 2594 et
1038 2548 1127 2619 quac
1149 2521 1298 2593 vendere
1316 2521 1384 2592 vel·
1427 2555 1430 2587 s

165 2643 166 2648 ’
210 2630 242 2676 41
253 2623 326 2694 lent
350 2650 420 2720 quo
435 2624 595 2715 ferrent,
624 2623 766 2695 sorum
792 2623 1022 2721 appellarunt.
1193 2620 1287 2695 146.
1317 2622 1385 2694 Ubi

253 2723 339 2820 quid
370 2727 582 2822 generatim,
620 2723 774 2795 additum
805 2723 849 2796 ab
877 2751 918 2797 eo
945 2750 1158 2824 cognomen,
1198 2735 1238 2794 ut
1271 2723 1384 2796 forum

252 2824 466 2916 boarium,
496 2825 609 2898 forum
632 2825 864 2897 olitorium
875 2853 887 2919 3
914 2826 981 2897 hoc
1007 2836 1080 2898 erat
1100 2827 1280 2923 antiquum
1307 2853 1384 2896 ma·

253 2926 414 2998 cellum
440 2923 500 2998 ubi
526 2925 659 2999 olerum
681 2929 793 3022 copia.
848 2928 904 2998 Ea
927 2927 1005 3000 loca
1029 2931 1131 3000 etiam
1152 2929 1246 2998 nuuc
1272 2927 1383 3000 Lace-

187 3095 189 3098 .
253 3028 425 3102 daemonii
460 3040 587 3100 vocant
620 3029 832 3124 macellum3
879 3029 941 3102 sed
974 3030 1077 3102 lones
1110 3031 1198 3102 ostia
1230 3040 1383 3101 ortorum

255 3231 358 3282 ambito
377 3249 419 3298 vg.
509 3221 653 3300 Aricicrm']
668 3233 813 3303 Scioppius.
850 3232 970 3285 Ardeam
985 3233 1129 3287 Turnebus
1166 3250 1211 3283 urs
1226 3231 1295 3282 clam
1314 3233 1384 3286 codd.

254 3306 298 3370 qui
324 3305 436 3369 syllabas
461 3302 506 3356 has
531 3305 601 3356 varie
627 3307 707 3371 ligant
732 3323 789 3357 cum
814 3305 878 3356 aliis.
928 3305 958 3358 Iu
977 3307 1010 3358 G.
1030 3313 1070 3357 cst
1095 3305 1265 3355 circummors
1285 3304 1386 3356 clanaei.

254 3375 326 3440 orbe]
341 3391 383 3441 vg.
420 3374 483 3426 urbe
500 3375 575 3427 codd.
689 3374 766 3428 urbes
780 3376 819 3443 et]
831 3393 873 3442 vg.
910 3375 974 3427 urbs
986 3387 1027 3428 est
1045 3376 1120 3429 codd.
1235 3377 1384 3443 omnious.

255 3465 342 3498 curares
356 3452 417 3514 cett.
437 3447 470 3500 cf.
484 3445 541 3499 and.
556 3447 588 3498 ad
606 3447 630 3509 ἓ.
638 3449 664 3499 5.
780 3457 812 3498 ut
826 3445 915 3514 urbes]
928 3465 969 3514 vg.
998 3458 1025 3498 ct
1042 3446 1121 3518 ardes
1138 3447 1212 3500 codd.
1248 3457 1281 3498 ut
1299 3465 1351 3500 om.
1365 3464 1385 3499 a.

368 3559 440 3624 144.
467 3573 646 3642 appellatum]
667 3577 773 3643 scripsi,
791 3575 932 3644 Spengelio
951 3582 1119 3644 proponente.
1156 3575 1295 3644 appellato
1313 3575 1385 3628 codd.

249 3645 377 3787 &wis
387 3647 411 3699 h.
426 3664 448 3700 v.
468 3643 617 3719 ὑποστιγμῇ
632 3647 789 3714 interpunxi.
933 3645 1071 3716 fugisset]
1090 3664 1133 3714 vg.
1164 3648 1270 3720 suisset
1287 3649 1385 3701 FGHa.

271 3735 343 3768 ursse
380 3757 385 3770 .
914 3727 926 3752 ⁶

368 3809 439 3874 145.
464 3841 497 3873 ex
514 3825 641 3894 utroque]
657 3842 699 3891 vg.
738 3823 836 3874 dextra
853 3824 900 3895 qui
916 3827 981 3880 Feb.
1018 3828 1115 3879 dextra
1129 3825 1201 3898 quod
1213 3828 1248 3878 G.
1278 3826 1387 3877 dextra-

257 3915 307 3966 que
325 3897 361 3950 H.
406 3899 445 3948 An
464 3893 544 3947 loeva
569 3897 715 3968 dextroque
739 3896 925 3950 scribendum?
1091 3899 1204 3964 habent]
1221 3898 1314 3966 scripsi
1333 3915 1387 3951 cum

257 3969 315 4020 cod.
335 3969 365 4020 B.
403 3965 483 4017 babet
502 3967 577 4019 codd.
717 3967 772 4017 sive
791 3967 863 4038 quod
878 3968 933 4036 id]
952 3970 1018 4022 coni.
1055 3970 1081 4020 si
1096 3969 1127 4018 id
1143 3969 1218 4024 codd.
1254 3979 1282 4019 et
1300 3969 1332 4018 id
1348 3986 1387 4034 vg.

257 4039 336 4106 sive']
355 4040 422 4092 coni.
441 4037 537 4093 addidi.
687 4037 800 4108 agendo]
820 4039 895 4094 codd.
932 4041 1055 4112 ungendo
1073 4057 1116 4108 vg.
1152 4041 1206 4094 Sed
1224 4040 1387 4109 angiportum

257 4128 272 4162 u
291 4107 414 4162 Varrone'
425 4113 502 4174 etiam
521 4109 567 4173 Vt,
586 4113 627 4161 41.
647 4109 680 4162 ab
695 4110 797 4176 agendo
816 4111 954 4166 derivatur.
1103 4113 1214 4163 vendere
1228 4112 1343 4179 vellent]
1356 4115 1387 4163 G.
1429 4085 1430 4164 i

256 4182 434 4234 venderentur
451 4179 548 4231 vellent
566 4188 628 4234 cett.
1429 4181 1430 4206 ³

372 4285 444 4349 146.
460 4294 620 4368 generatim]
641 4297 674 4348 of.
693 4300 726 4362 V,
745 4301 788 4351 75.
914 4299 1037 4368 macello]
1054 4299 1152 4368 scripsi.
1191 4297 1297 4348 macelli
1315 4298 1388 4351 codd.
1429 4311 1430 4352 t

257 4375 300 4427 Cf.
315 4371 462 4440 Hesychius
478 4384 498 4421 s.
508 4384 547 4420 vv.
559 4362 679 4436 primitur
698 4364 846 4428 ct'ntiurda.
959 4371 1104 4444 Ionium†]
1119 4369 1194 4424 codd.
1213 4370 1261 4422 nisi
1279 4370 1389 4437 quodH.
1429 4369 1430 4426 i
