2890 4820
484 225 740 270 euasurus.
851 185 855 206 ζ
1140 225 1176 278 tx

48 393 85 448 ut
102 379 192 462 disi,
213 391 393 463 neutrum,
421 378 510 448 siin
527 391 691 449 neutram
706 393 846 472 partem
887 385 1076 470 dissimile,
1093 409 1177 456 usu
1242 445 1246 451 .

45 465 304 560 praeponderet,
327 477 383 548 ut,
405 465 438 532 si
456 463 546 531 duos
567 487 639 546 res,
661 489 748 554 quoe
764 491 847 534 con-
889 479 1006 554 trum,
1059 483 1177 540 tomen

45 547 223 634 pluuntur,
256 550 394 618 uicenos
424 547 550 616 babent
574 560 714 638 partes,
743 563 778 620 et
804 553 844 620 iu
881 566 998 642 potest
1061 557 1179 626 dividi

47 633 94 698 liis
119 635 227 700 dorios
253 633 404 703 babeant
428 635 585 716 eusdem,
616 635 724 701 denus
752 636 844 704 alius
887 640 995 704 etiam
1022 638 1061 706 in
1084 643 1175 708 duas

46 717 88 782 cd
126 718 396 788 similitudinem
441 731 476 785 et
521 718 845 790 dissimilitudinem
882 723 1180 815 partensio‚quod—

45 825 141 890 oeque
161 803 501 875 animadvertendas.
551 805 656 872 Hunc
679 814 845 876 naturam
885 831 1018 896 cunque
1060 809 1176 898 confe-

42 885 191 975 plcrique
221 885 413 956 subiiciunt
445 887 508 955 suls
542 887 845 956 dissimilitudinis
887 913 959 974 ros,
978 904 1042 959 sut
1060 895 1176 964 simile

44 991 168 1036 nomen.
229 971 348 1056 Quare
373 975 537 1063 quoniam
555 970 626 1060 fit,
657 982 698 1038 ut
723 972 841 1069 potius
887 998 978 1058 esse,
1011 990 1076 1046 eut
1105 1002 1174 1046 uon
1250 1027 1253 1032 ι

43 1052 260 1150 devocabulo
280 1079 385 1144 quom
401 1059 444 1126 dc
464 1080 502 1124 re
521 1069 755 1125 controversia
774 1077 845 1122 esse
887 1081 969 1126 esse.

43 1138 217 1222 videatur,
246 1151 308 1210 etc

43 1240 143 1310 Verba
171 1266 255 1332 quae
282 1244 418 1332 margini
445 1242 617 1332 adscripsi,
643 1266 664 1310 a
686 1243 832 1311 Varrone
858 1266 923 1310 non
951 1255 1084 1333 possunt
1111 1246 1172 1314 alio

43 1328 165 1394 consilio
194 1331 341 1419 apposita
369 1351 459 1410 esee,
493 1329 552 1396 nisi
580 1339 615 1397 ut
639 1330 833 1416 sententiae:
869 1329 977 1396 Hono
1004 1341 1172 1398 naturam

39 1411 191 1500 plerique
204 1459 208 1485 2
223 1413 415 1480 subiiciunt
449 1411 510 1478 sub
544 1413 849 1494 dissimilitudinis
883 1436 1025 1494 nomeu,
1065 1412 1173 1484 locum

42 1509 251 1588 occuparent:
293 1498 411 1602 quippe
446 1520 530 1586 quae
568 1497 610 1568 ad
644 1512 906 1586 argumentorum
943 1498 1173 1568 connexionem

40 1579 186 1652 infirmior
216 1582 313 1650 viden
341 1594 460 1671 posset
508 1583 645 1651 librarii
669 1596 793 1667 autem,
822 1607 896 1652 cum
916 1582 951 1651 id
974 1605 1038 1652 uon
1059 1584 1172 1652 intelli-

40 1679 170 1752 gerent,
200 1690 270 1734 eam
290 1669 386 1756 paulo
407 1669 571 1757 superiore
592 1670 663 1736 loco
682 1669 896 1751 interserunt,
923 1682 956 1738 et
976 1670 1023 1739 sic
1045 1670 1172 1736 univer·

38 1774 101 1817 sum
123 1752 232 1818 locum
254 1751 347 1840 plane
368 1753 659 1839 pessumdederunt.
744 1756 852 1823 Etiam
873 1754 1023 1844 graviore
1038 1753 1170 1822 vulnere

39 1835 158 1904 afflicta
177 1847 234 1904 est
259 1859 299 1902 ea
325 1838 404 1906 sexti
429 1838 500 1906 libri
527 1861 621 1928 pars,
654 1840 783 1929 quade
806 1842 919 1908 mentis
943 1840 1169 1927 agitationibus
1253 1917 1255 1924 y

39 1921 192 2009 animique
220 1920 385 1991 affectibus
414 1922 538 1993 dicitur.
564 1947 565 1952 ¹
590 1926 629 1992 ln
655 1948 718 2028 qua
740 1948 813 1993 cum
834 1926 1005 2000 vocabula,
1033 1947 1170 2014 quornm

40 2017 140 2092 styma
167 2008 368 2094 aperiuntur,
399 2007 541 2078 inlibris
567 2011 615 2100 sic
641 2010 792 2114 disposita
812 2011 1046 2078 invenirentur:
1077 2012 1169 2098 cogi-

38 2100 116 2172 tare,
146 2091 324 2174 consilium,
352 2094 526 2176 reminisci,
556 2097 769 2176 comminisci,
797 2097 952 2177 eminisci,
977 2096 1168 2178 meminisse,

39 2188 243 2258 metuere,
285 2191 461 2255 tremor,
508 2203 641 2261 curare,
683 2180 875 2265 recordare,
910 2181 1005 2259 velle,
1044 2181 1168 2261 lubere,

11 2313 12 2318 η
39 2275 192 2344 metuere,
221 2265 473 2345 meminisse,
500 2289 686 2345 monere,
717 2289 879 2348 maerere,
908 2265 1035 2346 lacteri3
1070 2278 1168 2354 atque

39 2347 84 2414 bio
105 2349 187 2416 ordo
209 2371 273 2416 nou
296 2350 397 2418 solum
418 2351 546 2417 bomani
567 2353 686 2438 ingenii
706 2353 867 2418 actionum
891 2350 1063 2419 naturalem
1079 2353 1166 2417 ordi·
1282 2392 1284 2397 ·

40 2453 106 2499 nem
131 2436 427 2513 mirc'oonturbet,
460 2434 519 2500 sed
545 2437 658 2517 edam,
691 2459 775 2524 quae
802 2436 843 2502 de
870 2435 982 2502 eodem
1011 2437 1166 2502 vocabulo

42 2517 169 2587 dicenda
198 2532 305 2600 erant,
334 2519 518 2587 intolerabili
544 2519 641 2588 modo
670 2519 811 2589 divellat:
843 2542 907 2587 non
932 2532 1075 2610 poteram
1102 2543 1166 2586 nou

42 2600 143 2672 luxatis
174 2605 322 2672 membris
347 2606 526 2673 iuncturam
547 2630 637 2674 snam
664 2607 711 2672 sio
731 2605 884 2684 reddere,
914 2619 949 2673 ut
971 2603 1052 2672 ordo
1074 2606 1169 2674 ficret

42 2685 102 2755 bic:
144 2691 310 2776 cogitare,
344 2690 521 2772 consilium,
555 2692 734 2772 reminisci,
767 2691 979 2772 comminisci,
1015 2692 1166 2773 eminisci,

42 2774 229 2855 meminisse,
250 2778 495 2856 meminisse,
516 2793 695 2858 mouere,
718 2799 848 2859 curare,
867 2776 1058 2854 recordare,
1078 2777 1166 2858 velle,

42 2855 161 2942 lubere,
195 2871 354 2940 metuere,
388 2873 590 2942 metuere,
631 2875 804 2943 tremor,
845 2885 1006 2941 maerere,
1043 2861 1164 2929 laetari.

43 2942 144 3032 ltaque
169 2967 219 3026 eo,
244 2946 331 3034 quod
352 2948 493 3014 locorum
515 2947 557 3014 de
577 2973 604 3016 v.
626 2949 752 3014 memini
775 2961 808 3016 ct
831 2948 872 3014 de
894 2973 921 3014 v.
942 2957 1050 3013 metuo
1072 2945 1165 3010 dimi-

45 3026 104 3096 diae
130 3044 239 3121 partes
261 3056 319 3099 suo
343 3032 413 3099 loco
435 3045 557 3114 motae,
587 3046 619 3102 et
642 3035 763 3103 alterna
785 3035 853 3098 vice
879 3032 960 3098 inter
980 3053 1016 3098 se
1037 3053 1167 3119 permu·
1259 3063 1262 3068 ·

44 3124 118 3182 tatae
145 3128 269 3196 essent,
298 3119 383 3205 qnod
413 3119 580 3186 aberrante
608 3120 649 3185 ab
676 3119 776 3184 altera
799 3119 831 3183 iu
857 3117 987 3184 alteram
1014 3117 1165 3204 paginam
1228 3173 1233 3182 .

45 3196 149 3268 librarii
172 3203 264 3268 oculo
285 3203 353 3268 fieri
376 3204 516 3292 potuisse
537 3195 600 3270 bon
623 3201 804 3269 incredibile
826 3211 891 3284 cst,
920 3204 1034 3270 barum
1054 3203 1164 3270 turba·

45 3303 105 3352 rum
127 3299 226 3354 causa
246 3288 376 3390 intelligi
397 3300 429 3356 et
450 3289 584 3356 effectus
604 3289 669 3354 tolli
690 3287 865 3377 videbatur.
913 3293 971 3369 At,
998 3300 1035 3354 ut
1055 3307 1165 3354 aarum

46 3367 154 3453 fatear,
193 3379 255 3442 nou
279 3387 405 3464 penitus
435 3374 551 3441 tollitur
579 3374 805 3442 sententiarum
834 3396 919 3440 nuno
949 3392 1163 3440 connexarum

46 3452 275 3546 discrepantia,
304 3459 363 3527 sed
392 3481 432 3526 eo
461 3459 563 3546 magis
593 3459 744 3539 offendit,
783 3460 869 3549 quod
899 3481 983 3525 nunc
1013 3457 1164 3558 contiuua

46 3542 177 3610 oratione
202 3557 235 3612 et
260 3567 324 3610 uno
355 3544 443 3633 quasi
472 3547 582 3633 spiritu
610 3569 637 3612 r.
659 3545 839 3614 meminisse
865 3545 1000 3632 scriptor
1029 3564 1163 3630 primum

46 3629 223 3712 pronunciat
245 3653 264 3698 a
285 3641 409 3711 mente,
434 3629 549 3703 deinde
569 3655 589 3698 a
611 3632 763 3698 memoria
785 3631 903 3697 dictorm
926 3651 1012 3706 esse,
1042 3649 1163 3694 memo-

45 3711 114 3778 riam
136 3727 243 3782 autem
265 3740 284 3784 a
305 3715 480 3786 manendo:
509 3741 593 3805 quae
611 3719 660 3784 sio
679 3717 850 3783 coniuncta
872 3716 913 3781 ab
935 3713 1062 3780 homine
1082 3737 1162 3781 sano

46 3807 88 3876 ot,
116 3800 278 3868 condico
306 3803 475 3882 memoria,
505 3803 564 3870 scd
591 3803 689 3870 oculis
717 3802 856 3881 valente,
886 3800 983 3866 scribi
1009 3799 1162 3887 potuisse,

47 3883 107 3966 quis
139 3909 321 3954 asseverare
349 3887 493 3955 audenti
558 3889 772 3963 Quamobrem
807 3885 901 3953 etiam
933 3885 963 3952 in
989 3884 1060 3951 ‘boo
1090 3884 1162 3950 loco

47 3964 186 4036 Varronis
215 3967 363 4062 dedecens
393 3975 565 4058 φροντίδες
593 3971 819 4060 agnoscendae
847 3981 957 4049 erunt,
987 3971 1162 4058 exquibus

48 4072 110 4119 com
135 4055 199 4122 dno
224 4057 439 4130 additamenta
461 4057 502 4124 dc
525 4061 636 4148 etymis
664 4061 831 4125 verborum
851 4055 978 4122 memini
1001 4067 1034 4122 et
1053 4068 1163 4149 metuo

48 4142 269 4237 provenissent,
290 4166 330 4210 ea
348 4144 633 4232 primummargini
652 4145 828 4234 adscripta,
850 4153 960 4231 postca
978 4143 1162 4228 permutatis

49 4236 119 4290 nter
149 4250 186 4293 aa
218 4228 297 4295 locis
330 4229 363 4293 in
399 4229 569 4296 verborum
602 4229 743 4298 ordinem
777 4228 941 4318 irrepsisse
976 4235 1161 4308 statuemus.

49 4307 133 4382 Quod
150 4311 333 4401 explicandi
356 4312 530 4382 subsidium
554 4315 647 4384 etiam
669 4317 739 4382 loco
760 4314 803 4383 de
824 4310 1010 4404 spondendo
1033 4313 1094 4393 VI,
1109 4314 1161 4379 to.
