2864 4814
415 247 452 351 §-
494 265 567 346 139
594 295 644 308 -
671 269 758 338 143·
1107 255 1161 330 ss

419 361 422 376 l

106 501 107 518 ,
149 433 240 510 llll.
285 430 531 509 Aedificia
571 437 745 510 nominata
778 464 799 508 a
830 452 926 534 parte
958 451 998 512 nt
1035 440 1223 516 multa.52

44 539 95 613 Ab
115 537 254 612 aedibus
278 548 314 611 et
336 536 495 613 faciendo
517 564 676 611 maxume
704 539 911 613 aedilicium.
967 545 1016 616 Et
1040 547 1222 642 oppi-lli.

45 643 127 714 dnm
160 639 203 714 ab
236 640 295 738 opi
322 637 475 733 dictum,
518 641 613 740 qnod
645 642 800 712 munitur
830 645 906 742 opis
937 669 1060 738 causa,
1101 645 1163 720 ubi

43 733 94 834 sit,
129 753 162 816 et
189 741 284 840 quod
313 768 401 839 opus
425 754 478 816 est
501 743 546 814 ad
569 743 677 814 vitam
702 744 907 840 gerundam.
968 748 1031 820 Uti
1055 745 1161 821 babe-

42 855 107 916 rent
129 855 201 956 tuta
226 843 354 941 oppida
377 844 472 942 quod
494 846 607 943 operis
629 841 842 939 muniebant,
870 850 1032 921 moenia
1053 848 1159 922 dicta.

44 945 113 1038 Quo
133 948 316 1038 moenitius
340 957 432 1018 esset
450 947 545 1045 qnod
563 944 832 1046 exaggerabant,
856 974 1041 1048 aggeres
1062 948 1159 1023 dicti.

43 1047 84 1119 llt
105 1050 163 1145 qui
196 1073 359 1147 aggerem
391 1050 582 1122 contineret
612 1073 809 1138 moer-ue,
850 1051 944 1146 quod
968 1051 1164 1126 moeniendi

43 1174 133 1240 eausa
155 1149 370 1248 portabatur,
398 1175 556 1245 moenus,
586 1147 673 1252 [quo
696 1147 875 1244 sepiebant
900 1152 1066 1248 oppidum
1074 1150 1115 1252 †]
1142 1180 1225 1230 crea.

42 1275 100 1347 quo
123 1277 283 1325 moenere
309 1276 459 1323 moerus.
596 1247 690 1322 142.
726 1249 816 1322 Eius
841 1277 976 1323 summa
1001 1249 1226 1351 pinnae*

42 1351 76 1422 ab
104 1351 180 1446 bis,
226 1378 313 1451 quas
343 1352 499 1452 insigniti
531 1351 655 1426 milites
685 1349 814 1424 babere
838 1354 873 1425 in
900 1353 1009 1452 galeis
1035 1355 1162 1447 solent,

42 1465 69 1524 ct
89 1456 124 1526 in
147 1451 397 1554 gladiatoribus
420 1454 608 1528 Samnites.
663 1453 835 1526 Turres
861 1481 881 1525 a
911 1457 1038 1548 torvis,
1070 1456 1164 1554 quod

41 1581 89 1628 eae
121 1557 297 1654 proiciunt
332 1565 411 1630 ante
445 1556 544 1628 alios.
609 1555 692 1648 Qua
725 1557 817 1627 viam
855 1555 1097 1656 relinquebant
1127 1559 1207 1638 ineo

42 1683 152 1750 muro,
190 1658 321 1755 quain
343 1655 509 1757 oppidum
534 1667 729 1755 portarent,
764 1667 926 1754 portas.
1068 1655 1162 1731 145.

43 1757 173 1856 Oppida
194 1756 389 1830 condebant
411 1760 448 1830 in
471 1760 575 1831 Latio
600 1760 752 1832 Etrusco
777 1761 866 1852 ritu,
904 1771 944 1832 ut
964 1759 1094 1852 multa,
1129 1761 1166 1834 id

44 1873 83 1932 cst
115 1863 245 1931 iunctis
280 1858 418 1953 bobus,
467 1873 567 1934 tauro
606 1873 639 1934 et
674 1886 781 1932 vacca
824 1863 1010 1952 interiore,
1050 1872 1165 1936 aratro

43 1959 313 2059 circumagebant
340 1951 492 2034 sulcum.
552 1964 635 2036 Hoc
661 1961 835 2034 faciebant
857 1962 1033 2062 religionis
1059 1986 1235 2056 censeas)

43 2061 87 2135 die
116 2065 320 2159 auspicato,
356 2075 395 2134 ut
423 2064 520 2136 fossa
548 2075 583 2136 et
607 2090 707 2136 muro
731 2075 850 2136 essent
882 2066 1019 2136 muniti.
1074 2065 1164 2138 Ter·
1276 2073 1278 2080 '

42 2153 103 2236 rani
126 2164 220 2237 unde
246 2163 512 2262 exsculpserant,
540 2165 671 2238 fossam
692 2165 884 2258 vocabant,
920 2179 955 2238 et
977 2169 1166 2238 introrsum

44 2267 155 2340 iactam
181 2293 333 2338 murum.
377 2267 533 2339 Postea
559 2268 619 2363 qui
644 2265 751 2338 fiebat
776 2267 890 2358 orbis,
918 2265 1015 2338 urbis
1036 2269 1227 2365 princi-1442

42 2369 148 2464 pium3
186 2370 270 2468 qui,
305 2367 401 2466 quod
436 2378 509 2439 erat
543 2378 621 2466 post
644 2395 803 2459 murum,
840 2370 1166 2465 postmoerium

45 2467 164 2544 dictum
190 2473 288 2563 eius,
316 2494 388 2567 quo
409 2471 563 2568 auspicia
586 2467 719 2541 urbana
744 2468 923 2542 liniuntur.
979 2468 1084 2568 Gippi
1105 2495 1167 2570 po·

146 2669 220 2734 lll.
246 2698 265 2731 u
281 2681 372 2749 purte]
390 2682 466 2735 codd.
497 2689 599 2750 praeter
625 2699 648 2736 a.
672 2661 716 2747 qui
743 2688 847 2748 aperte,
876 2680 942 2731 sicut
961 2696 1002 2746 vg.
1047 2695 1065 2727 a
1085 2688 1167 2747 purte

14 2803 15 2806 ,
44 2761 78 2804 cst
95 2763 109 2806 a'
127 2763 202 2824 parte
219 2754 411 2819 aedificiorum,
429 2771 486 2806 nem
503 2770 555 2806 non
570 2755 659 2807 'omnia
676 2752 795 2804 aedificia
814 2751 891 2803 aedes
909 2759 976 2802 suut.
1006 2749 1046 2801 Gi.
1061 2751 1093 2815 V,
1107 2753 1166 2802 155.

44 2824 99 2891 Vll,
117 2832 159 2879 1e.
196 2826 322 2894 Spengel.
338 2824 448 2879 Emend.
466 2827 574 2878 Varron.
592 2844 618 2892 p.
632 2829 674 2877 15.
691 2839 717 2876 n.
886 2822 1019 2888 rmaxame]
1039 2822 1163 2889 Spengel.

45 2896 58 2946 l.
67 2897 81 2948 l.
98 2915 122 2966 p.
131 2903 173 2951 16.
189 2915 216 2950 n.
240 2900 356 2950 lacunam
375 2895 400 2950 h.
416 2900 433 2950 l.
450 2904 530 2950 notat.
575 2897 634 2964 Ego
652 2896 750 2946 nullum
770 2896 825 2944 eius
842 2894 979 2960 vestigium
997 2892 1089 2958 video,
1107 2907 1167 2944 uam

47 2984 156 3020 maxume
174 2969 208 3022 ad
228 2965 337 3019 aedibus
354 2971 474 3037 pertinet.
623 2966 732 3034 opr]Fa.
769 2964 815 3034 qui
834 2964 869 3015 Η.
905 2983 938 3032 op
956 2965 991 3016 G.
1009 2962 1165 3042 utvidetur.
1230 2985 1233 2990 ·

46 3055 84 3103 ope
100 3041 124 3092 b.
148 3049 178 3094 ut
196 3057 240 3107 vg.
283 3041 417 3092 Ablativns
441 3055 517 3093 casus
542 3037 586 3108 cpi
607 3037 720 3092 concinit
742 3051 801 3088 cunr
825 3035 972 3087 accusativo
997 3036 1073 3101 cmm
1097 3033 1166 3101 apud

45 3108 160 3165 Ovidium.
329 3111 411 3179 sit]b.
446 3112 502 3163 sint
520 3117 582 3164 cett.
608 3109 641 3162 cl.
659 3123 738 3175 supra
755 3110 779 3170 §.
790 3110 834 3158 38.
870 3105 908 3154 ad
923 3123 999 3177 quem
1019 3103 1165 3172 (ardorem)

45 3188 70 3227 ut
86 3181 134 3247 sit,
152 3182 194 3250 fit
214 3199 275 3232 ara.
443 3181 602 3254 gerundam]
612 3183 646 3233 G.
682 3176 824 3248 gerendam
842 3183 904 3228 cett.
1022 3177 1081 3244 Uti]
1100 3177 1166 3229 coni.

45 3249 83 3300 nli
99 3254 171 3308 codd.
217 3253 291 3306 Haec
304 3253 382 3306 ‘antea
402 3269 460 3305 cum
479 3254 606 3322 prioribus
623 3248 858 3314 coniungebantur‚
882 3255 960 3314 atque
978 3253 1037 3299 ante
1056 3256 1120 3298 trata
1140 3253 1167 3298 et
1241 3273 1243 3280 .

45 3329 95 3386 post
112 3334 179 3376 esset
198 3326 276 3392 plene
293 3326 531 3394 interpungebatur.
672 3319 811 3385 baberent]
830 3320 929 3388 scripsi.
966 3318 1083 3368 habeant
1100 3319 1123 3370 F
1124 3318 1165 3368 ab.

45 3391 155 3446 latitent
172 3396 235 3448 Gll.
384 3397 480 3465 operis]
498 3395 598 3463 scripsi.
634 3392 706 3461 operi
723 3391 796 3444 codd.
834 3409 880 3458 ope
890 3393 922 3464 p.
1081 3388 1165 3454 dicta]

45 3469 158 3535 assumpsi
176 3483 211 3519 ex
230 3457 307 3521 Gila.
336 3483 387 3520 om.
406 3468 437 3520 F.
457 3474 484 3519 et
501 3468 527 3519 b.
544 3472 574 3520 ut
591 3464 701 3518 videtur.
828 3463 866 3513 Et
885 3461 941 3530 qai]
957 3461 1086 3513 Punctum
1105 3466 1165 3512 ante
1241 3518 1246 3527 .

47 3537 77 3583 Et
93 3540 179 3606 posui,
208 3545 268 3608 post
288 3556 391 3590 moerus
409 3539 508 3592 sustuli.
642 3533 755 3600 moerus]
774 3534 920 3601 Scioppius.
957 3550 1072 3582 moerum
1089 3531 1165 3582 codd.

47 3621 127 3660 murus
144 3626 188 3676 vg.
327 3609 481 3676 moeniemdr]
491 3609 527 3662 H.
564 3605 699 3658 muniendi
716 3611 777 3658 cett.
928 3603 1047 3668 maenus]
1066 3603 1165 3670 scripsi.

47 3693 130 3730 manus
147 3680 223 3733 codd.
388 3682 450 3751 quo]
469 3699 512 3754 vg.
549 3697 599 3750 que
618 3680 652 3730 G.
690 3675 763 3748 quod
779 3681 840 3726 cett.
876 3673 935 3726 Hoc
950 3674 1093 3726 membrum
1112 3691 1165 3744 quo

46 3749 170 3814 sepiebant
187 3749 352 3820 oppidum†‚
371 3751 419 3805 hoc
437 3755 495 3806 loco
513 3767 574 3806 sanc
592 3765 668 3817 quam
686 3747 888 3806 incommodum,
910 3757 969 3814 post
987 3763 1090 3796 maceras
1108 3745 1167 3796 leco

32 3821 114 3884 'paulo
136 3824 270 3891 superiore
293 3825 354 3891 poni
379 3826 494 3878 velim..
652 3817 747 3891 equo]
766 3817 806 3869 ed.
824 3833 863 3884 pr.
908 3834 964 3888 epo
981 3817 1013 3868 F.
1057 3825 1111 3866 etc
1131 3818 1165 3868 G.

46 3905 124 3973 aeaego
141 3893 176 3946 ll.
211 3911 258 3944 eae
274 3913 290 3946 o
308 3911 331 3948 a.
362 3911 412 3948 om.
432 3896 456 3948 b.
594 3891 708 3958 moerus]
726 3891 871 3958 Scioppius.
908 3907 1001 3940 murus
1018 3887 1094 3941 codd.

98 4073 100 4078 Ι
147 3995 220 4062 142.
245 4011 391 4078 Samnites]
408 4010 443 4065 cl.
461 4014 676 4064 commentatores
692 4005 821 4058 luvenalis
834 4003 881 4069 lll,
895 4008 956 4057 158.
1070 4001 1165 4070 torvis]

47 4078 128 4150 eodup
140 4099 217 4136 seusu
233 4092 326 4136 torvus
340 4083 511 4149 inlra§.167.
621 4076 770 4148 proiciunt]
782 4077 940 4138 intransitive
952 4090 1039 4141 seusu,
1052 4076 1165 4143 antique.

149 4194 221 4261 143.
250 4219 283 4260 ur
301 4205 400 4272 multe]
419 4205 576 4274 Augustinus
595 4204 661 4258 coaiz
698 4199 777 4252 multi
793 4201 868 4254 codd.
911 4199 962 4267 ugr
982 4200 1015 4253 de
1033 4197 1057 4252 lr.
1071 4200 1088 4260 l.
1108 4199 1165 4250 lle-

48 4279 277 4336 abstrusorum
295 4279 342 4342 ΙΙΙ,
359 4283 385 4346 e,
399 4285 424 4332 t.
521 4275 633 4341 iactam]
648 4275 714 4327 coni.
737 4272 848 4343 sacram
863 4272 938 4324 codd.
1035 4273 1102 4350 Post
1121 4271 1165 4335 ea]

48 4349 135 4418 scripsi.
168 4363 263 4424 postca
281 4350 356 4406 codd.
477 4347 535 4400 eius
555 4348 618 4418 quo]
637 4345 781 4400 Turnebus.
819 4345 926 4416 eiusque
944 4343 1018 4398 codd.
1055 4357 1166 4414 crusqup
