2866 4812
456 257 493 360 s.
523 271 572 345 73
600 297 648 314 -
675 245 747 348 ro·¹
1080 257 1161 338 las

40 445 196 533 simumfi
329 441 395 546 76,
434 446 479 519 ln
503 445 579 520 aliis
605 444 721 519 verbis
744 442 832 518 nihil
855 443 972 537 deest,
1004 454 1042 522 ul
1067 445 1162 522 dul·

40 552 117 640 cis,
153 546 357 640 dulcior,
393 546 716 644 dulcissimus,
754 546 889 620 inaliis
914 550 1084 644 primum,
1123 563 1161 627 ut
1265 605 1269 612 ·

39 653 161 748 pelam,
189 650 337 746 peius,
363 651 630 749 pessimum,
656 651 693 720 in
718 648 798 722 aliis
815 649 981 740 medium,
1008 652 1060 722 ut*
1082 675 1161 726 cae·

38 753 119 843 sior,
154 751 355 844 caesius,
393 753 712 851 caesissumus.
778 751 822 822 ln
854 751 931 824 aliis
964 750 1048 824 bina
1080 767 1163 830 suat

37 879 117 950 quae
150 851 265 925 desint
297 851 342 924 ab
375 851 494 926 eadem
523 877 612 937 ,voce
645 852 838 946 dcclipata,
878 863 915 926 et
944 877 985 928 ea
1016 856 1088 948 ita,
1122 853 1163 931 ut

37 955 115 1026 alias
147 954 260 1028 desint
293 954 484 1026 secuudum
516 965 553 1028 e't
583 956 741 1046 tertium,
780 965 821 1026 ut
848 954 885 1026 iu
915 954 983 1028 hoc
998 980 1160 1049 manre,

37 1058 187 1148 manius,
221 1057 437 1128 manissime:
464 1056 563 1130 alias
584 1067 624 1129 ut
648 1056 719 1128 duo
744 1056 856 1153 prima
881 1054 1020 1151 absint,
1054 1070 1094 1132 ut
1117 1058 1162 1132 ab

36 1159 239 1264 optimum
265 1160 398 1257 optim,
436 1167 577 1256 opium:
615 1157 701 1231 alias
726 1167 766 1230 ut
792 1159 942 1254 primum
965 1170 1000 1232 et
1019 1164 1160 1237 tertium
1169 1197 1218 1240 aaa

37 1258 138 1352 desit,
175 1269 217 1332 ut
241 1284 262 1330 a
288 1260 447 1334 melius
478 1259 629 1351 melum,
667 1259 919 1332 melissumum.
1089 1255 1215 1334 777

36 1359 216 1442 Praeterea
248 1362 279 1434 si
311 1361 511 1434 dicerentur
541 1361 721 1452 similiter,
766 1385 847 1434 eum
879 1361 1009 1435 similia
1042 1375 1220 1444 essentraa
1263 1399 1273 1414 ·
1315 1425 1321 1434 .

38 1486 169 1555 macer,
194 1487 322 1555 sacer,
356 1474 473 1556 tener,
508 1473 544 1536 et
568 1465 815 1555 maceri-imus,
842 1465 1075 1559 sacerrimus,
1110 1475 1161 1538 te·

36 1566 225 1665 nerrimus,
257 1590 327 1638 uou
361 1563 574 1662 discreparet
602 1567 639 1636 in
669 1562 726 1636 lris
751 1567 949 1636 macrior
978 1576 1013 1638 et
1044 1577 1162 1640 tene·

35 1666 142 1756 rior,
170 1689 286 1762 neque
308 1665 376 1737 alia
401 1665 585 1765 trisyllaba
611 1664 693 1738 *alia
718 1663 995 1764 quadrisyllaba*
1022 1667 1158 1740 fierent.

34 1763 76 1838 lle
108 1769 139 1838 si
172 1768 210 1838 iu
242 1767 298 1840 his
334 1764 570 1840 dominaretur
604 1765 819 1860 similitudo,
864 1767 1083 1860 diceremus,
1122 1780 1162 1842 ut
1229 1856 1234 1868 ,

37 1866 299 1942 candidissimus
334 1868 600 1961 candidissima,
637 1894 891 1966 pauperrumus
925 1873 1159 1966 pauperrima,

37 1969 80 2040 sic
106 1968 275 2042 candidus
306 1969 474 2062 candida,
510 1994 643 2068 pauper
667 1995 843 2072 paupera,
880 1981 920 2066 et·
944 1983 984 2043 ut
1013 1972 1162 2046 dicimus

39 2068 155 2143 doctus
188 2070 311 2165 docta,
358 2071 579 2145 doctissimus
615 2071 839 2164 doctissima,
883 2073 934 2144 sic
967 2071 1160 2147 diceremus

36 2169 293 2271 frugalissumus
316 2172 571 2272 fingalissima,
599 2173 723 2274 liugos
744 2185 780 2246 et
803 2173 919 2282 fruge.
1090 2174 1157 2248 78.
1226 2228 1231 2235 -

37 2270 79 2345 lit
103 2277 133 2346 si
158 2276 381 2372 proportione
407 2286 524 2348 essent
551 2273 680 2366 verba,
697 2347 701 2354 ,
718 2285 759 2346 ut
783 2277 862 2348 uno
877 2273 1048 2349 vocabulo
1073 2276 1160 2350 dici·

37 2397 106 2448 nus
143 2379 258 2450 virum
293 2387 327 2450 et
361 2375 540 2450 mulierem
573 2377 761 2474 sapientem
797 2385 834 2448 et
865 2373 1087 2476 diligentem,
1125 2390 1222 2490 etffiggrn

136 2571 191 2637 76.
220 2547 305 2651 deest]
321 2600 364 2652 vg.
400 2592 442 2636 eat
460 2582 536 2638 codd.
650 2581 706 2648 ια’]
724 2597 767 2649 vg.
804 2596 855 2635 om.
871 2580 947 2636 codd.
1061 2580 1161 2650 desint]

37 2657 94 2708 coni.-
111 2657 211 2728 scripsi.
246 2656 302 2708 rint
320 2654 395 2708 codd.
509 2698 512 2704 .
572 2649 668 2706 malim
686 2651 793 2720 melum]
819 2655 856 2708 rie
881 2652 969 2723 posuit
994 2651 1160 2724 Spengeliua.

38 2727 125 2779 calum
143 2727 244 2798 (melus
257 2728 304 2796 F.)
323 2725 418 2780 melius
436 2725 512 2780 codd.

140 2830 194 2895 77.
219 2843 317 2910 macer]
336 2843 467 2897 carrlia.
590 2839 772 2910 macerrimua]
796 2833 942 2896 acerrimus
960 2841 1012 2897 Ha.
1129 2841 1161 2896 in

38 2909 74 2963 lie
89 2915 214 2982 macrior]
232 2915 262 2968 in
279 2915 322 2966 lia
339 2913 434 2966 acrior·
448 2929 472 2968 a.
514 2913 565 2968 llis
583 2929 627 2982 vg.
650 2913 783 2968 adiicitur:
807 2923 836 2965 et
860 2914 947 2986 magia
970 2931 1060 2980 sacer,
1089 2915 1160 2981 quod

40 2998 84 3037 om.
102 2985 178 3040 codd.
215 2986 298 3053 quue
314 2987 496 3054 interpolatum
515 3000 573 3038 esse
590 2991 721 3052 apertum,
739 3000 798 3038 uam
815 2985 900 3041 Varro
918 2985 1032 3039 madium
1050 2986 1160 3052 gradum

38 3053 136 3125 deesse,
159 3052 212 3111 nou
231 3073 289 3111 esse
307 3058 394 3128 magia
412 3073 503 3121 sacer,
530 3061 646 3108 statuere
671 3055 791 3108 debebat.
836 3055 930 3122 Neque
954 3055 1046 3122 negari
1071 3061 1159 3113 tanen

38 3135 137 3196 potest‚·
150 3145 219 3182 nunc
235 3130 347 3196 intelligi
364 3143 416 3182 uon
434 3134 529 3196 posse,¹
550 3126 717 3194 quamobrem
734 3128 819 3181 Varro
835 3129 861 3180 ι’.
876 3143 952 3178 sacer
968 3125 1080 3195 iuliane
1096 3144 1160 3182 ceu·
1227 3176 1230 3182 .

38 3213 87 3250 sum
103 3201 244 3255 vocaverit.
393 3208 420 3250 et
438 3196 564 3263 tenerior]
582 3215 625 3265 vg.
668 3198 827 3249 tenerrimus
844 3197 929 3251 FGH.
973 3199 1117 3264 tenerimua
1134 3216 1159 3254 a.

38 3267 117 3324 laem
134 3274 316 3326 nonnullorum
333 3271 471 3324 verborum
495 3271 595 3323 iactura
613 3269 730 3322 turbatus
748 3285 806 3322 esse
828 3269 956 3339 videtur.¹
1089 3269 1161 3321 *alia

39 3341 259 3413 quadrisyllaba*]
283 3344 348 3407 His,
375 3358 443 3410 qnae
468 3342 495 3393 iu
512 3342 589 3395 codd.
613 3357 665 3393 nou
689 3348 765 3406 sunt,
792 3355 895 3394 sensum
918 3343 970 3394 loci
993 3356 1083 3394 carere
1106 3357 1158 3394 uon
1206 3367 1212 3384 ι

40 3416 191 3475 praevidit
209 3415 370 3483 Scioppius..
467 3412 677 3481 pauperrumus]
695 3413 753 3465 FG.
777 3417 804 3465 ct
821 3412 914 3464 deinde
926 3413 1160 3484 frugaliaaumus]

39 3480 65 3534 F.
88 3494 114 3538 et
131 3487 202 3542 idem
217 3491 303 3548 nmen
323 3483 498 3553 papperrima
516 3490 544 3536 et
562 3482 773 3556 frugalissimus
800 3484 869 3551 quod
887 3498 938 3535 non
956 3489 1055 3536 temere
1072 3489 1159 3536 muta-

39 3558 86 3608 tum
109 3573 166 3611 esre
191 3563 262 3626 puto.
300 3556 341 3608 Cf.
358 3561 445 3608 annot.
463 3555 496 3606 ad
515 3556 549 3621 V,
566 3559 611 3607 83.
665 3555 799 3624 Spalding.
818 3554 851 3606 ad
869 3553 978 3608 Quintil.
997 3553 1060 3606 Inst.
1080 3559 1112 3620 l,
1131 3559 1158 3608 6.

39 3631 130 3692 p148.
149 3628 217 3683 hune
235 3629 321 3681 lacum
338 3626 456 3680 vitiatum
470 3642 528 3679 esse
545 3627 724 3695 pronunciavit
741 3633 768 3681 et
785 3625 949 3679 scribendum
963 3639 1036 3678 essa:
1052 3643 1157 3694 paupe-

38 3697 163 3765 ursimus,
180 3698 380 3769 pauperissima
403 3704 430 3750 et
452 3697 545 3750 deinde
564 3697 758 3769 fragmentum,
775 3695 949 3768 frugissima.
981 3695 1060 3750 ,Nou
1079 3697 1159 3749 intel-

39 3766 129 3823 lexerat
145 3772 186 3823 vir
203 3773 341 3838 egregius,
366 3770 520 3836 scriptorem
544 3769 632 3823 dicere
650 3769 683 3826 de
706 3770 890 3834 inaequalitate
913 3770 1043 3820 masculae
1067 3773 1095 3820 et
1116 3767 1158 3822 se-

39 3842 120 3895 nellae
136 3843 235 3896 formae
253 3844 279 3896 iu
298 3842 406 3895 diversis
420 3841 552 3907 gradibus,
570 3857 678 3908 eamque
696 3841 866 3902 demonstrari
882 3842 1076 3907 comparatione
1092 3839 1158 3892 dua·

38 3915 87 3964 ruri
103 3916 314 3983 proportionum,
338 3921 580 3981 quercuumque
603 3917 707 3966 conant
728 3927 744 3964 e
761 3910 828 3969 binis
845 3911 998 3966 rationibus.
1034 3911 1158 3966 Poscitur

37 3984 112 4049 euin,
132 3993 162 4039 ut
182 3986 242 4039 sinte
857 4021 869 4042 -,
1078 4002 1100 4034 s

85 4065 307 4129 vendiderimus,
330 4060 547 4116 candidissima:
566 4061 771 4134 pauperrimus,
793 4059 979 4133 pauperrima
1002 4083 1037 4110 a
1063 4059 1158 4120 mndi-

116 4138 181 4195 ἀπε,
205 4135 349 4190 candida.-
371 4152 491 4206 pauper,
511 4151 657 4206 paupera.

40 4213 104 4272 Quae
122 4233 180 4273 cunr
199 4233 251 4272 non
268 4219 315 4272 site
343 4218 454 4271 vincitur
470 4233 522 4270 uon
539 4233 598 4271 esse
615 4217 768 4284 analogiam.
805 4212 846 4268 Gi.
866 4217 954 4268 annot.
973 4212 1006 4268 ad
1023 4213 1096 4280 Vlll,
1115 4217 1157 4266 57.

138 4331 192 4398 78.
218 4344 270 4412 lit}
287 4341 364 4397 alla.
400 4359 433 4394 ea
452 4343 483 4396 F.
508 4348 598 4410 utvg.
636 4339 669 4402 cl,
688 4355 746 4392 arn.
766 4313 799 4391 ad
817 4337 894 4400 vlll,
910 4340 954 4390 68.

759 4435 800 4501 13
