2874 4804
455 219 490 319 i·
522 181 647 314 ῥα·-
673 237 737 302 33·
1090 220 1172 296 247

51 409 146 482 candi
177 433 263 482 voce
295 417 434 480 notatus
468 432 538 480 non
569 420 632 480 est.
695 408 885 505 Proprium
917 407 1005 481 illud
1030 408 1170 504 habent,

51 513 138 608 quod
159 511 284 608 partim
306 519 390 580 suni
410 507 506 580 linita
530 520 569 581 ut
590 508 665 582 hic
687 520 721 583 ei
740 508 867 603 haec,
895 513 1022 608 purtim
1042 512 1174 586 infinite

51 625 86 685 nt
114 615 214 710 quis
247 622 281 682 ei
311 635 443 708 quae,
477 636 625 706 quorum
657 610 752 708 quod
777 610 980 684 adumbrata
1004 624 1039 684 ei
1062 616 1175 686 tenuis
1267 635 1270 642 ’

52 715 222 813 analogia,
263 713 300 782 in
329 711 396 784 hoc
429 709 520 785 libro
550 712 651 809 plura
680 713 793 786 dicere
823 713 908 787 non*
938 738 1078 787 necesse
1108 726 1171 786 cst.
1266 773 1269 786 .

144 841 210 914 51.
250 840 452 914 Secundum
478 868 602 939 genus,
632 867 720 938 quae
741 840 847 912 verba
870 853 1024 941 tempora
1049 840 1178 914 habent

51 970 157 1040 neque
178 969 295 1034 casus,
325 942 387 1016 sed
413 941 543 1015 habent
566 969 742 1042 personas.
787 943 922 1016 Eorum
944 944 1177 1016 declinatuum

50 1048 177 1142 species
203 1056 284 1118 sunt
315 1070 389 1116 sex.
421 1046 524 1120 ,Una
547 1070 636 1141 quac
663 1045 789 1144 dicitur
811 1045 1030 1142 temporalis,
1055 1057 1095 1117 ut
1120 1045 1177 1118 lc·

16 1219 17 1222 ,
51 1146 217 1243 psham,
246 1145 489 1244 gemebam,
524 1146 647 1244 lego,
675 1170 812 1244 gemo.
866 1145 990 1218 Altera
1014 1172 1178 1244 persona·

50 1275 143 1340 rum,
179 1273 306 1340 sero,
334 1252 472 1342 meto,
511 1249 646 1340 seris,
672 1250 815 1319 metis.
869 1248 991 1319 Tertia
1016 1247 1176 1346 rogandi,

50 1361 84 1418 ut
116 1347 364 1441 scribone,
403 1349 597 1448 legone3
647 1347 911 1440 sci-ibisne,
951 1349 1177 1446 legisnel

31 1451 178 1540 ¹Quarta
220 1451 474 1546 respondendi,
517 1461 556 1520 ut
596 1449 747 1549 fingo,
793 1450 960 1549 pingo;
1007 1450 1236 1548 fingis,1os

46 1554 202 1650 pingis.
265 1552 397 1642 Quinta
426 1551 588 1650 optandi,
633 1561 672 1621 ut
703 1551 919 1644 dicerem,
960 1552 1176 1646 iacerem,

48 1653 206 1744 dicam,
245 1653 424 1724 faciam.
479 1653 586 1726 Sexta
612 1651 804 1750 imperandi
828 1663 868 1724 ut
893 1677 1025 1751 cape,
1053 1677 1177 1750 rupe,

47 1755 210 1850 capito,
240 1756 401 1850 capito.

146 1862 216 1936 52.
260 1865 348 1936 item
380 1863 462 1936 sunt
494 1865 727 1939 declinetuum
758 1867 891 1964 specics
917 1876 1067 1962 quatuor
1092 1889 1182 1961 quae

50 1979 202 2063 tempora
236 1965 365 2037 habent
396 1969 476 2038 sine‘
502 1970 681 2063 personis,
717 1970 754 2038 in
787 1966 964 2066 rogando,
1001 1977 1042 2036 nt
1066 1965 1178 2036 fodi·
1206 1996 1210 2004 ¹

51 2068 208 2140 turne?
242 2068 503 2140 seritur-ne?
531 2080 566 2139 et
591 2067 881 2141 fodieturnel
915 2067 1247 2162 seretur-naim}⁸
1280 2149 1291 2167 Ι

51 2166 105 2239 dc
127 2166 358 2266 respondendi
381 2170 496 2266 specie
517 2169 656 2241 caedem
678 2169 809 2268 figurae
830 2168 919 2240 liunt
936 2171 1096 2241 extremis
1111 2167 1182 2266 spl-

52 2269 136 2342 labis
154 2272 316 2367 demptis.
360 2267 516 2366 Optandi
538 2272 684 2367 species,
707 2281 748 2340 ut
768 2273 965 2361 viv'atur,
990 2280 1180 2365 ametur3

53 2367 299 2462 viveretur,
329 2382 566 2442 amaretur.
612 2370 812 2467 Imperandi
835 2369 1028 2440 declinatus
1053 2371 1181 2462 sintne,

54 2471 152 2545 habet
177 2471 446 2566 dubitationcm3
486 2482 521 2543 ct
546 2497 665 2554 corum
692 2474 781 2542 sitne
803 2470 890 2542 haec
916 2472 1025 2566 rati03
1058 2495 1182 2568 pare·

53 2587 140 2667 tur,
175 2583 429 2673 pugnetur,
469 2576 646 2669 parari,
683 2575 896 2682 pugnari.
1192 2571 1197 2592 ⁸

148 2703 217 2774 55.
252 2699 442 2774 Accedunt
463 2703 505 2774 ad
528 2702 591 2774 has
617 2705 752 2800 species
775 2729 795 2773 a
821 2703 954 2800 copulis
976 2701 1183 2775 divisionum

53 2805 246 2900 quadrinis,
284 2803 328 2874 ab
362 2804 482 2877 iniecti
515 2814 551 2876 ct
582 2805 747 2904 perlecti,
785 2831 896 2897 emo,
933 2803 1015 2902 edo
1026 2832 1037 2898 3
1077 2805 1180 2895 cmi,

54 2905 138 2976 edi:
175 2905 326 2980 asemel
348 2917 383 2978 ei
407 2907 557 3003 saepius,
585 2917 624 2977 ui
649 2905 829 2997 scribo,
858 2906 971 3004 lego,
1000 2906 1182 3001 scripti·

55 3009 158 3104 tavi,
187 3008 419 3081 lectitavi:
451 3005 600 3079 faciendi
623 3017 657 3078 ei
677 3008 843 3104 patiendi,
867 3017 907 3077 ui
930 3032 1022 3098 nro,
1045 3031 1181 3103 ungo,

44 3130 175 3202 uror,
207 3133 368 3207 ungor:
404 3133 424 3178 a
447 3107 614 3207 singulari
640 3118 674 3180 ct
698 3107 942 3199 multitudinis,
970 3118 1010 3178 ut
1030 3106 1181 3199 laudo,

54 3210 202 3307 culpo,
237 3210 493 3304 laudamus,
524 3209 767 3306 culpamus.
810 3207 929 3281 Huius
947 3212 1084 3309 genens
1105 3235 1183 3281 ver-

54 3303 173 3383 horum
199 3313 327 3411 quoius
352 3316 485 3411 species
513 3313 676 3409 exposui,
715 3337 819 3410 quam
848 3310 916 3383 late
942 3311 1095 3410 quidque
1121 3335 1182 3406 pu·
1289 3382 1292 3386 .

54 3420 120 3483 teat
144 3425 178 3486 et
203 3415 423 3512 quoiusmodi
449 3415 574 3486 efficiat
595 3413 746 3512 figuras,
770 3415 807 3484 in
833 3412 933 3484 libris
958 3415 1019 3511 qui
1043 3411 1087 3486 de
1112 3411 1183 3486 for-

56 3515 154 3588 mulis
178 3515 364 3590 verborum
386 3528 511 3611 crunt,
540 3516 738 3615 diligentius
763 3514 976 3613 expedietur.

57 3727 157 3786 comm,
182 3739 248 3790 quse
273 3737 330 3776 cum
355 3722 438 3790 tribus
461 3723 512 3788 illis
536 3721 645 3790 pagellis
671 3719 865 3772 interciderunt.
905 3727 907 3735 ’
1016 3716 1122 3784 unum‘]
1140 3732 1186 3781 vg.

56 3799 103 3840 ⁰¹¹1.
121 3794 194 3847 codd.
309 3795 432 3867 quorum]
450 3811 493 3860 vg.
521 3802 548 3843 et
566 3811 683 3863 quorum¹
695 3791 770 3844 codd.
877 3789 952 3855 ποκ’]
971 3805 1012 3856 vg.
1043 3803 1094 3841 om.
1106 3785 1182 3840 codd.

165 3893 217 3959 31.
249 3908 399 3961 Secundum
422 3908 519 3979 genus]
550 3923 583 3959 ex
611 3907 736 3966 divisione
762 3907 820 3971 iila,
853 3920 919 3972 quae
944 3903 1012 3956 facta
1035 3908 1076 3957 est
1100 3905 1124 3968 S.
1141 3907 1183 3955 le.

58 3973 110 4039 Sed]
129 3994 170 4046 vg.
207 3981 232 4032 si
249 3981 324 4033 codd.

167 4077 218 4144 32.
244 4095 298 4166 Ac]
317 4096 416 4164 scripsi.
453 4091 487 4144 ab
505 4093 563 4148 ΡΗ.
600 4111 618 4144 a
637 4095 687 4148 Ge.
832 4093 920 4144 sintne
939 4086 1030 4157 habet]
1047 4107 1089 4156 vg.
1125 4108 1184 4140 sum

12 4191 15 4201 .
57 4171 85 4204 ne
103 4157 200 4216 halent
218 4166 293 4220 codd.
442 4165 522 4230 sitne]
542 4183 585 4233 vg.
628 4163 716 4218 sintne
733 4163 808 4216 codd.
835 4163 883 4216 sed
900 4165 933 4216 de
952 4180 975 4215 a.
999 4179 1051 4214 nou
1074 4167 1182 4213 constat.
1245 4217 1249 4222 ,

57 4241 166 4288 ravenn
184 4279 190 4288 .
207 4279 212 4290 .
229 4279 234 4291 .
251 4279 256 4291 .
270 4235 403 4307 pugnari]
429 4235 624 4289 Coniunctivum
649 4238 719 4287 iilum
739 4236 879 4302 imperandi
898 4236 1037 4288 declinatni
1055 4233 1183 4284 accenseri

60 4307 345 4374 rrcmomirabitur31ed
359 4309 480 4373 cantabile,
495 4309 563 4374 quod
574 4309 650 4368 etism
661 4307 798 4360 infinitivus
807 4310 833 4359 in
845 4307 911 4360 lrunc
921 4321 1024 4360 censum
1035 4303 1184 4357 adurittitnr.
