<?xml version="1.0" encoding="UTF-8"?>
<!DOCTYPE html PUBLIC "-//W3C//DTD XHTML 1.0 Transitional//EN"
    "http://www.w3.org/TR/xhtml1/DTD/xhtml1-transitional.dtd">
<html xmlns="http://www.w3.org/1999/xhtml" xml:lang="en" lang="en">
 <head>
  <title>
</title>
<meta http-equiv="Content-Type" content="text/html;charset=utf-8" />
  <meta name='ocr-system' content='tesseract 3.04.00' />
  <meta name='ocr-capabilities' content='ocr_page ocr_carea ocr_par ocr_line ocrx_word'/>
</head>
<body>
  <div class='ocr_page' id='page_1' title='image "./mterentivarroni00mlgoog/mterentivarroni00mlgoog_0076.png"; bbox 0 0 2890 4820; ppageno 0'>
   <div class='ocr_carea' id='block_1_1' title="bbox 300 269 1023 346">
    <p class='ocr_par' dir='ltr' id='par_1_1' title="bbox 300 269 1023 346">
     <span class='ocr_line' id='line_1_1' title="bbox 300 269 1023 346; baseline -0.003 -10"><span class='ocrx_word' id='word_1_1' title='bbox 300 269 351 342; x_wconf 81' lang='grc'><strong>18</strong></span> <span class='ocrx_word' id='word_1_2' title='bbox 685 289 804 336; x_wconf 80' lang='lat' dir='ltr'><strong>uranu</strong></span> <span class='ocrx_word' id='word_1_3' title='bbox 834 288 1023 346; x_wconf 79' lang='lat' dir='ltr'><strong>orturus.</strong></span> 
     </span>
    </p>
   </div>
   <div class='ocr_carea' id='block_1_2' title="bbox 263 447 1413 852">
    <p class='ocr_par' dir='ltr' id='par_1_2' title="bbox 263 447 1413 852">
     <span class='ocr_line' id='line_1_2' title="bbox 263 447 1413 551; baseline -0.007 -21"><span class='ocrx_word' id='word_1_4' title='bbox 263 483 294 551; x_wconf 57' lang='lat' dir='ltr'><strong>eg</strong></span> <span class='ocrx_word' id='word_1_5' title='bbox 299 459 376 530; x_wconf 85' lang='lat' dir='ltr'><strong>sita.</strong></span> <span class='ocrx_word' id='word_1_6' title='bbox 438 450 614 550; x_wconf 77' lang='lat' dir='ltr'><strong>Argeos</strong></span> <span class='ocrx_word' id='word_1_7' title='bbox 647 451 755 524; x_wconf 83' lang='lat' dir='ltr'><strong>‹lietos</strong></span> <span class='ocrx_word' id='word_1_8' title='bbox 786 459 910 548; x_wconf 83' lang='lat' dir='ltr'><strong>putant</strong></span> <span class='ocrx_word' id='word_1_9' title='bbox 937 475 957 522; x_wconf 90' lang='lat' dir='ltr'><strong>a</strong></span> <span class='ocrx_word' id='word_1_10' title='bbox 981 447 1212 546; x_wconf 80' lang='lat' dir='ltr'><strong>principibus,</strong></span> <span class='ocrx_word' id='word_1_11' title='bbox 1247 451 1307 546; x_wconf 92' lang='lat' dir='ltr'><strong>qui</strong></span> <span class='ocrx_word' id='word_1_12' title='bbox 1338 475 1413 522; x_wconf 88' lang='lat' dir='ltr'><strong>oum</strong></span> 
     </span>
     <span class='ocr_line' id='line_1_3' title="bbox 298 549 1412 652; baseline -0.004 -24"><span class='ocrx_word' id='word_1_13' title='bbox 298 554 451 630; x_wconf 80' lang='lat' dir='ltr'>Hercule</span> <span class='ocrx_word' id='word_1_14' title='bbox 476 551 612 652; x_wconf 76' lang='lat' dir='ltr'><strong>Argivo</strong></span> <span class='ocrx_word' id='word_1_15' title='bbox 632 577 755 626; x_wconf 89' lang='lat' dir='ltr'><strong>venere</strong></span> <span class='ocrx_word' id='word_1_16' title='bbox 780 553 928 626; x_wconf 84' lang='lat' dir='ltr'><strong>Romam</strong></span> <span class='ocrx_word' id='word_1_17' title='bbox 953 561 989 622; x_wconf 91' lang='lat' dir='ltr'><strong>et</strong></span> <span class='ocrx_word' id='word_1_18' title='bbox 1012 552 1048 624; x_wconf 90' lang='lat' dir='ltr'><strong>in</strong></span> <span class='ocrx_word' id='word_1_19' title='bbox 1064 550 1231 626; x_wconf 81' lang='lat' dir='ltr'><strong>Saturnia</strong></span> <span class='ocrx_word' id='word_1_20' title='bbox 1253 549 1412 624; x_wconf 77' lang='lat' dir='ltr'><strong>subsede-</strong></span> 
     </span>
     <span class='ocr_line' id='line_1_4' title="bbox 297 649 1412 752; baseline -0.004 -22"><span class='ocrx_word' id='word_1_21' title='bbox 297 669 389 734; x_wconf 85' lang='lat' dir='ltr'><strong>runt.</strong></span> <span class='ocrx_word' id='word_1_22' title='bbox 444 656 477 726; x_wconf 83' lang='lat' dir='ltr'><strong>E</strong></span> <span class='ocrx_word' id='word_1_23' title='bbox 508 656 586 752; x_wconf 83' lang='lat' dir='ltr'><strong>quis</strong></span> <span class='ocrx_word' id='word_1_24' title='bbox 620 656 729 752; x_wconf 89' lang='lat' dir='ltr'><strong>prima</strong></span> <span class='ocrx_word' id='word_1_25' title='bbox 759 663 811 726; x_wconf 85' lang='lat' dir='ltr'><strong>esi</strong></span> <span class='ocrx_word' id='word_1_26' title='bbox 843 655 971 749; x_wconf 84' lang='lat' dir='ltr'><strong>scripta</strong></span> <span class='ocrx_word' id='word_1_27' title='bbox 1000 653 1096 749; x_wconf 79' lang='lat' dir='ltr'><strong>regio</strong></span> <span class='ocrx_word' id='word_1_28' title='bbox 1121 649 1326 743; x_wconf 84' lang='lat' dir='ltr'><strong>Suburana,</strong></span> <span class='ocrx_word' id='word_1_29' title='bbox 1363 679 1412 726; x_wconf 87' lang='lat' dir='ltr'><strong>se·</strong></span> 
     </span>
     <span class='ocr_line' id='line_1_5' title="bbox 298 751 1294 852; baseline -0.006 -23"><span class='ocrx_word' id='word_1_30' title='bbox 298 758 411 829; x_wconf 84' lang='lat' dir='ltr'><strong>enula</strong></span> <span class='ocrx_word' id='word_1_31' title='bbox 433 756 641 852; x_wconf 79' lang='lat' dir='ltr'><strong>Exquiliua‚</strong></span> <span class='ocrx_word' id='word_1_32' title='bbox 677 755 776 826; x_wconf 87' lang='lat' dir='ltr'><strong>tertia</strong></span> <span class='ocrx_word' id='word_1_33' title='bbox 796 752 951 846; x_wconf 80' lang='lat' dir='ltr'>Collina,</span> <span class='ocrx_word' id='word_1_34' title='bbox 979 764 1098 849; x_wconf 83' lang='lat' dir='ltr'><strong>quarta</strong></span> <span class='ocrx_word' id='word_1_35' title='bbox 1123 751 1294 825; x_wconf 84' lang='lat' dir='ltr'><strong>Palatina.</strong></span> 
     </span>
    </p>
   </div>
   <div class='ocr_carea' id='block_1_3' title="bbox 225 877 1436 2366">
    <p class='ocr_par' dir='ltr' id='par_1_3' title="bbox 298 877 1413 1482">
     <span class='ocr_line' id='line_1_6' title="bbox 399 877 1411 980; baseline -0.003 -25"><span class='ocrx_word' id='word_1_36' title='bbox 399 881 466 955; x_wconf 68' lang='lat'><strong>46.</strong></span> <span class='ocrx_word' id='word_1_37' title='bbox 498 885 542 954; x_wconf 92' lang='lat' dir='ltr'><strong>In</strong></span> <span class='ocrx_word' id='word_1_38' title='bbox 561 882 764 956; x_wconf 79' lang='lat' dir='ltr'>Suburanae</span> <span class='ocrx_word' id='word_1_39' title='bbox 782 883 931 980; x_wconf 70' lang='lat' dir='ltr'><strong>regionis</strong></span> <span class='ocrx_word' id='word_1_40' title='bbox 953 891 1049 979; x_wconf 84' lang='lat' dir='ltr'><strong>parte</strong></span> <span class='ocrx_word' id='word_1_41' title='bbox 1070 883 1228 978; x_wconf 85' lang='lat' dir='ltr'><strong>princeps</strong></span> <span class='ocrx_word' id='word_1_42' title='bbox 1248 890 1302 951; x_wconf 88' lang='lat' dir='ltr'><strong>est</strong></span> <span class='ocrx_word' id='word_1_43' title='bbox 1317 877 1411 953; x_wconf 87' lang='lat' dir='ltr'><strong>Cae·</strong></span> 
     </span>
     <span class='ocr_line' id='line_1_7' title="bbox 298 979 1412 1079; baseline -0.005 -21"><span class='ocrx_word' id='word_1_44' title='bbox 298 989 387 1058; x_wconf 87' lang='lat' dir='ltr'><strong>lius</strong></span> <span class='ocrx_word' id='word_1_45' title='bbox 413 1011 532 1076; x_wconf 82' lang='lat' dir='ltr'><strong>mons,</strong></span> <span class='ocrx_word' id='word_1_46' title='bbox 570 1011 590 1055; x_wconf 88' lang='lat' dir='ltr'><strong>a</strong></span> <span class='ocrx_word' id='word_1_47' title='bbox 614 983 732 1056; x_wconf 88' lang='lat' dir='ltr'><strong>Caelio</strong></span> <span class='ocrx_word' id='word_1_48' title='bbox 750 979 917 1056; x_wconf 67' lang='lat' dir='ltr'><strong>Vibenno</strong></span> <span class='ocrx_word' id='word_1_49' title='bbox 942 983 1061 1054; x_wconf 86' lang='lat' dir='ltr'><strong>Tusco</strong></span> <span class='ocrx_word' id='word_1_50' title='bbox 1085 981 1172 1052; x_wconf 87' lang='lat' dir='ltr'><strong>duee</strong></span> <span class='ocrx_word' id='word_1_51' title='bbox 1194 979 1322 1073; x_wconf 84' lang='lat' dir='ltr'><strong>nobili,</strong></span> <span class='ocrx_word' id='word_1_52' title='bbox 1358 986 1412 1079; x_wconf 90' lang='lat' dir='ltr'><strong>qui</strong></span> 
     </span>
     <span class='ocr_line' id='line_1_8' title="bbox 301 1081 1412 1159; baseline -0.005 0"><span class='ocrx_word' id='word_1_53' title='bbox 301 1113 380 1159; x_wconf 87' lang='lat' dir='ltr'><strong>eum</strong></span> <span class='ocrx_word' id='word_1_54' title='bbox 409 1112 471 1156; x_wconf 91' lang='lat' dir='ltr'><strong>sua</strong></span> <span class='ocrx_word' id='word_1_55' title='bbox 503 1111 606 1156; x_wconf 89' lang='lat' dir='ltr'><strong>manu</strong></span> <span class='ocrx_word' id='word_1_56' title='bbox 640 1084 764 1156; x_wconf 85' lang='lat' dir='ltr'><strong>dieitur</strong></span> <span class='ocrx_word' id='word_1_57' title='bbox 796 1084 947 1156; x_wconf 89' lang='lat' dir='ltr'><strong>Romulo</strong></span> <span class='ocrx_word' id='word_1_58' title='bbox 978 1083 1111 1154; x_wconf 88' lang='lat' dir='ltr'><strong>venisse</strong></span> <span class='ocrx_word' id='word_1_59' title='bbox 1143 1081 1267 1155; x_wconf 85' lang='lat' dir='ltr'><strong>auxilio</strong></span> <span class='ocrx_word' id='word_1_60' title='bbox 1298 1097 1412 1154; x_wconf 84' lang='lat' dir='ltr'><strong>eontra</strong></span> 
     </span>
     <span class='ocr_line' id='line_1_9' title="bbox 301 1181 1413 1284; baseline -0.005 -26"><span class='ocrx_word' id='word_1_61' title='bbox 301 1191 439 1258; x_wconf 84' lang='lat' dir='ltr'><strong>Tatium</strong></span> <span class='ocrx_word' id='word_1_62' title='bbox 467 1211 601 1284; x_wconf 69' lang='lat' dir='ltr'><strong>regem:</strong></span> <span class='ocrx_word' id='word_1_63' title='bbox 641 1183 723 1256; x_wconf 86' lang='lat' dir='ltr'><strong>hine</strong></span> <span class='ocrx_word' id='word_1_64' title='bbox 749 1194 827 1281; x_wconf 83' lang='lat' dir='ltr'><strong>post</strong></span> <span class='ocrx_word' id='word_1_65' title='bbox 851 1183 959 1256; x_wconf 84' lang='lat' dir='ltr'><strong>Caelii</strong></span> <span class='ocrx_word' id='word_1_66' title='bbox 988 1194 1150 1275; x_wconf 85' lang='lat' dir='ltr'><strong>mortem,</strong></span> <span class='ocrx_word' id='word_1_67' title='bbox 1189 1181 1282 1279; x_wconf 88' lang='lat' dir='ltr'><strong>quod</strong></span> <span class='ocrx_word' id='word_1_68' title='bbox 1314 1185 1413 1253; x_wconf 90' lang='lat' dir='ltr'><strong>nimis</strong></span> 
     </span>
     <span class='ocr_line' id='line_1_10' title="bbox 298 1285 1412 1382; baseline -0.003 -24"><span class='ocrx_word' id='word_1_69' title='bbox 298 1291 428 1358; x_wconf 88' lang='lat' dir='ltr'><strong>munita</strong></span> <span class='ocrx_word' id='word_1_70' title='bbox 453 1287 528 1359; x_wconf 85' lang='lat' dir='ltr'><strong>loca</strong></span> <span class='ocrx_word' id='word_1_71' title='bbox 555 1295 709 1359; x_wconf 85' lang='lat' dir='ltr'><strong>tenerent</strong></span> <span class='ocrx_word' id='word_1_72' title='bbox 737 1309 848 1382; x_wconf 87' lang='lat' dir='ltr'><strong>neque</strong></span> <span class='ocrx_word' id='word_1_73' title='bbox 874 1287 947 1357; x_wconf 88' lang='lat' dir='ltr'><strong>sine</strong></span> <span class='ocrx_word' id='word_1_74' title='bbox 970 1285 1162 1380; x_wconf 81' lang='lat' dir='ltr'>suspicione</span> <span class='ocrx_word' id='word_1_75' title='bbox 1189 1293 1322 1374; x_wconf 81' lang='lat' dir='ltr'><strong>essent,</strong></span> <span class='ocrx_word' id='word_1_76' title='bbox 1359 1285 1412 1355; x_wconf 89' lang='lat' dir='ltr'><strong>de·</strong></span> 
     </span>
     <span class='ocr_line' id='line_1_11' title="bbox 299 1381 1409 1482; baseline -0.004 -23"><span class='ocrx_word' id='word_1_77' title='bbox 299 1389 393 1461; x_wconf 84' lang='lat' dir='ltr'><strong>ducti</strong></span> <span class='ocrx_word' id='word_1_78' title='bbox 414 1387 576 1460; x_wconf 79' lang='lat' dir='ltr'><strong>(licuntur</strong></span> <span class='ocrx_word' id='word_1_79' title='bbox 595 1389 631 1456; x_wconf 91' lang='lat' dir='ltr'><strong>in</strong></span> <span class='ocrx_word' id='word_1_80' title='bbox 651 1386 805 1482; x_wconf 91' lang='lat' dir='ltr'><strong>planum.</strong></span> <span class='ocrx_word' id='word_1_81' title='bbox 837 1381 898 1457; x_wconf 78' lang='lat' dir='ltr'><strong>Ab</strong></span> <span class='ocrx_word' id='word_1_82' title='bbox 914 1388 962 1458; x_wconf 83' lang='lat' dir='ltr'><strong>eis</strong></span> <span class='ocrx_word' id='word_1_83' title='bbox 983 1385 1093 1456; x_wconf 84' lang='lat' dir='ltr'><strong>dietus</strong></span> <span class='ocrx_word' id='word_1_84' title='bbox 1109 1388 1205 1456; x_wconf 82' lang='lat' dir='ltr'><strong>vicus</strong></span> <span class='ocrx_word' id='word_1_85' title='bbox 1221 1385 1409 1476; x_wconf 78' lang='lat' dir='ltr'><strong>Tuscus,</strong></span> 
     </span>
    </p>

    <p class='ocr_par' dir='ltr' id='par_1_4' title="bbox 258 1485 1412 2090">
     <span class='ocr_line' id='line_1_12' title="bbox 259 1485 1412 1582; baseline -0.008 -18"><span class='ocrx_word' id='word_1_86' title='bbox 259 1499 335 1564; x_wconf 74' lang='lat' dir='ltr'><strong>raet</strong></span> <span class='ocrx_word' id='word_1_87' title='bbox 364 1488 442 1560; x_wconf 88' lang='lat' dir='ltr'><strong>ideo</strong></span> <span class='ocrx_word' id='word_1_88' title='bbox 473 1487 521 1558; x_wconf 83' lang='lat' dir='ltr'><strong>ihi</strong></span> <span class='ocrx_word' id='word_1_89' title='bbox 546 1488 776 1560; x_wconf 80' lang='lat' dir='ltr'><strong>Vortumnum</strong></span> <span class='ocrx_word' id='word_1_90' title='bbox 809 1497 919 1580; x_wconf 59' lang='lat' dir='ltr'><strong>stare,</strong></span> <span class='ocrx_word' id='word_1_91' title='bbox 956 1485 1049 1582; x_wconf 88' lang='lat' dir='ltr'><strong>quod</strong></span> <span class='ocrx_word' id='word_1_92' title='bbox 1081 1487 1110 1557; x_wconf 87' lang='lat' dir='ltr'><strong>is</strong></span> <span class='ocrx_word' id='word_1_93' title='bbox 1142 1485 1225 1556; x_wconf 90' lang='lat' dir='ltr'><strong>deus</strong></span> <span class='ocrx_word' id='word_1_94' title='bbox 1255 1485 1412 1556; x_wconf 82' lang='lat' dir='ltr'>Etruriae</span> 
     </span>
     <span class='ocr_line' id='line_1_13' title="bbox 258 1579 1409 1686; baseline -0.002 -26"><span class='ocrx_word' id='word_1_95' title='bbox 258 1579 298 1660; x_wconf 58' lang='lat'><strong>13</strong></span> <span class='ocrx_word' id='word_1_96' title='bbox 299 1591 471 1686; x_wconf 83' lang='lat' dir='ltr'><strong>princeps.</strong></span> <span class='ocrx_word' id='word_1_97' title='bbox 531 1590 587 1660; x_wconf 87' lang='lat' dir='ltr'><strong>De</strong></span> <span class='ocrx_word' id='word_1_98' title='bbox 612 1586 781 1660; x_wconf 78' lang='lat' dir='ltr'><strong>Caelianis</strong></span> <span class='ocrx_word' id='word_1_99' title='bbox 806 1589 867 1685; x_wconf 89' lang='lat' dir='ltr'><strong>qui</strong></span> <span class='ocrx_word' id='word_1_100' title='bbox 891 1613 911 1660; x_wconf 90' lang='lat' dir='ltr'><strong>a</strong></span> <span class='ocrx_word' id='word_1_101' title='bbox 937 1589 1129 1683; x_wconf 82' lang='lat' dir='ltr'>suspicione</span> <span class='ocrx_word' id='word_1_102' title='bbox 1157 1584 1256 1657; x_wconf 90' lang='lat' dir='ltr'><strong>liberi</strong></span> <span class='ocrx_word' id='word_1_103' title='bbox 1287 1599 1409 1678; x_wconf 83' lang='lat' dir='ltr'><strong>essent,</strong></span> 
     </span>
     <span class='ocr_line' id='line_1_14' title="bbox 297 1686 1411 1788; baseline -0.002 -29"><span class='ocrx_word' id='word_1_104' title='bbox 297 1689 472 1760; x_wconf 81' lang='lat' dir='ltr'><strong>traductos</strong></span> <span class='ocrx_word' id='word_1_105' title='bbox 494 1690 531 1758; x_wconf 94' lang='lat' dir='ltr'><strong>in</strong></span> <span class='ocrx_word' id='word_1_106' title='bbox 552 1715 629 1780; x_wconf 85' lang='lat' dir='ltr'><strong>eum</strong></span> <span class='ocrx_word' id='word_1_107' title='bbox 654 1690 782 1781; x_wconf 81' lang='lat' dir='ltr'><strong>locum,</strong></span> <span class='ocrx_word' id='word_1_108' title='bbox 807 1691 868 1788; x_wconf 84' lang='lat' dir='ltr'><strong>qui</strong></span> <span class='ocrx_word' id='word_1_109' title='bbox 888 1698 1031 1761; x_wconf 79' lang='lat' dir='ltr'><strong>rooatur</strong></span> <span class='ocrx_word' id='word_1_110' title='bbox 1054 1686 1307 1778; x_wconf 86' lang='lat' dir='ltr'><strong>Caeliolus‚</strong></span> <span class='ocrx_word' id='word_1_111' title='bbox 1336 1713 1411 1758; x_wconf 88' lang='lat' dir='ltr'><strong>eum</strong></span> 
     </span>
     <span class='ocr_line' id='line_1_15' title="bbox 298 1787 1410 1862; baseline -0.003 -1"><span class='ocrx_word' id='word_1_112' title='bbox 298 1789 416 1862; x_wconf 86' lang='lat' dir='ltr'><strong>Caelio</strong></span> <span class='ocrx_word' id='word_1_113' title='bbox 440 1814 534 1860; x_wconf 85' lang='lat' dir='ltr'><strong>nune</strong></span> <span class='ocrx_word' id='word_1_114' title='bbox 560 1791 791 1862; x_wconf 81' lang='lat' dir='ltr'><strong>coniunctum.</strong></span> <span class='ocrx_word' id='word_1_115' title='bbox 920 1787 989 1859; x_wconf 72' lang='grc'><strong>47.</strong></span> <span class='ocrx_word' id='word_1_116' title='bbox 1030 1789 1126 1860; x_wconf 84' lang='lat' dir='ltr'><strong>Huic</strong></span> <span class='ocrx_word' id='word_1_117' title='bbox 1151 1789 1314 1860; x_wconf 82' lang='lat' dir='ltr'><strong>iunctae*</strong></span> <span class='ocrx_word' id='word_1_118' title='bbox 1347 1788 1410 1860; x_wconf 86' lang='lat' dir='ltr'><strong>Ca·</strong></span> 
     </span>
     <span class='ocr_line' id='line_1_16' title="bbox 297 1887 1410 1987; baseline 0 -27"><span class='ocrx_word' id='word_1_119' title='bbox 297 1892 392 1963; x_wconf 89' lang='lat' dir='ltr'><strong>rinae</strong></span> <span class='ocrx_word' id='word_1_120' title='bbox 423 1900 460 1962; x_wconf 91' lang='lat' dir='ltr'><strong>et</strong></span> <span class='ocrx_word' id='word_1_121' title='bbox 496 1892 584 1962; x_wconf 87' lang='lat' dir='ltr'><strong>inter</strong></span> <span class='ocrx_word' id='word_1_122' title='bbox 618 1915 674 1962; x_wconf 91' lang='lat' dir='ltr'><strong>eas</strong></span> <span class='ocrx_word' id='word_1_123' title='bbox 710 1916 812 1987; x_wconf 89' lang='lat' dir='ltr'><strong>quern</strong></span> <span class='ocrx_word' id='word_1_124' title='bbox 848 1890 963 1962; x_wconf 87' lang='lat' dir='ltr'><strong>loeum</strong></span> <span class='ocrx_word' id='word_1_125' title='bbox 996 1887 1228 1962; x_wconf 84' lang='lat' dir='ltr'><strong>Ceroliensem</strong></span> <span class='ocrx_word' id='word_1_126' title='bbox 1264 1889 1410 1985; x_wconf 88' lang='lat' dir='ltr'><strong>appella·</strong></span> 
     </span>
     <span class='ocr_line' id='line_1_17' title="bbox 299 1991 1411 2090; baseline -0.002 -28"><span class='ocrx_word' id='word_1_127' title='bbox 299 2003 371 2062; x_wconf 89' lang='lat' dir='ltr'><strong>tum</strong></span> <span class='ocrx_word' id='word_1_128' title='bbox 397 2003 556 2088; x_wconf 81' lang='lat' dir='ltr'><strong>apparet,</strong></span> <span class='ocrx_word' id='word_1_129' title='bbox 596 1991 689 2089; x_wconf 85' lang='lat' dir='ltr'><strong>quod</strong></span> <span class='ocrx_word' id='word_1_130' title='bbox 714 1994 844 2090; x_wconf 80' lang='lat' dir='ltr'><strong>primae</strong></span> <span class='ocrx_word' id='word_1_131' title='bbox 868 1991 1018 2090; x_wconf 72' lang='lat' dir='ltr'><strong>regionis</strong></span> <span class='ocrx_word' id='word_1_132' title='bbox 1044 2001 1204 2088; x_wconf 88' lang='lat' dir='ltr'><strong>quartum</strong></span> <span class='ocrx_word' id='word_1_133' title='bbox 1228 1992 1411 2062; x_wconf 89' lang='lat' dir='ltr'><strong>sacrarium</strong></span> 
     </span>
    </p>

    <p class='ocr_par' dir='ltr' id='par_1_5' title="bbox 225 2094 1436 2366">
     <span class='ocr_line' id='line_1_18' title="bbox 225 2094 1256 2188; baseline 0 -26"><span class='ocrx_word' id='word_1_134' title='bbox 225 2167 227 2172; x_wconf 58' lang='grc'><strong>,</strong></span> <span class='ocrx_word' id='word_1_135' title='bbox 301 2094 466 2188; x_wconf 78' lang='lat' dir='ltr'><strong>seriptum</strong></span> <span class='ocrx_word' id='word_1_136' title='bbox 491 2094 541 2164; x_wconf 90' lang='lat' dir='ltr'><strong>sio</strong></span> <span class='ocrx_word' id='word_1_137' title='bbox 565 2105 637 2164; x_wconf 86' lang='lat' dir='ltr'><strong>est:</strong></span> <span class='ocrx_word' id='word_1_138' title='bbox 719 2117 724 2128; x_wconf 92' lang='lat'><em>·</em></span> <span class='ocrx_word' id='word_1_139' title='bbox 1253 2131 1256 2136; x_wconf 22' lang='grc' dir='ltr'><strong>Δ</strong></span> 
     </span>
     <span class='ocr_line' id='line_1_19' title="bbox 415 2193 1411 2290; baseline -0.003 -26"><span class='ocrx_word' id='word_1_140' title='bbox 415 2196 654 2281; x_wconf 83' lang='lat' dir='ltr'><strong>Ceroliensis,</strong></span> <span class='ocrx_word' id='word_1_141' title='bbox 685 2198 893 2290; x_wconf 80' lang='lat' dir='ltr'><strong>quoriicepe</strong></span> <span class='ocrx_word' id='word_1_142' title='bbox 921 2196 1022 2264; x_wconf 84' lang='lat' dir='ltr'><strong>circa</strong></span> <span class='ocrx_word' id='word_1_143' title='bbox 1044 2193 1270 2264; x_wconf 83' lang='lat' dir='ltr'><strong>Minervium</strong></span> <span class='ocrx_word' id='word_1_144' title='bbox 1296 2217 1371 2288; x_wconf 79' lang='lat' dir='ltr'><strong>qua</strong></span> <span class='ocrx_word' id='word_1_145' title='bbox 1395 2218 1411 2261; x_wconf 91' lang='lat' dir='ltr'><strong>e</strong></span> 
     </span>
     <span class='ocr_line' id='line_1_20' title="bbox 467 2295 1436 2366; baseline -0.006 0"><span class='ocrx_word' id='word_1_146' title='bbox 467 2297 589 2366; x_wconf 80' lang='lat' dir='ltr'><strong>Caelio</strong></span> <span class='ocrx_word' id='word_1_147' title='bbox 613 2311 733 2366; x_wconf 81' lang='lat' dir='ltr'><strong>monle</strong></span> <span class='ocrx_word' id='word_1_148' title='bbox 760 2299 893 2366; x_wconf 78' lang='lat' dir='ltr'><strong>iterio</strong></span> <span class='ocrx_word' id='word_1_149' title='bbox 923 2295 1129 2364; x_wconf 80' lang='lat' dir='ltr'><strong>Tabernola</strong></span> <span class='ocrx_word' id='word_1_150' title='bbox 1154 2306 1219 2363; x_wconf 83' lang='lat' dir='ltr'><strong>eat.</strong></span> <span class='ocrx_word' id='word_1_151' title='bbox 1435 2303 1436 2320; x_wconf 66' lang='lat'>¹</span> 
     </span>
    </p>
   </div>
   <div class='ocr_carea' id='block_1_4' title="bbox 231 2406 1411 2612">
    <p class='ocr_par' dir='ltr' id='par_1_6' title="bbox 231 2406 1411 2612">
     <span class='ocr_line' id='line_1_21' title="bbox 231 2406 1407 2502; baseline 0.001 -21"><span class='ocrx_word' id='word_1_152' title='bbox 231 2406 582 2489; x_wconf 70' lang='lat' dir='ltr'><strong>(roc‘eroliensis</strong></span> <span class='ocrx_word' id='word_1_153' title='bbox 615 2439 635 2486; x_wconf 91' lang='lat' dir='ltr'><strong>a</strong></span> <span class='ocrx_word' id='word_1_154' title='bbox 665 2411 867 2485; x_wconf 87' lang='lat' dir='ltr'><strong>Carinarum</strong></span> <span class='ocrx_word' id='word_1_155' title='bbox 897 2412 1017 2482; x_wconf 85' lang='lat' dir='ltr'><strong>iuneiu</strong></span> <span class='ocrx_word' id='word_1_156' title='bbox 1051 2409 1164 2482; x_wconf 83' lang='lat' dir='ltr'><strong>dietus</strong></span> <span class='ocrx_word' id='word_1_157' title='bbox 1195 2408 1407 2502; x_wconf 85' lang='lat' dir='ltr'><strong>Carinae,</strong></span> 
     </span>
     <span class='ocr_line' id='line_1_22' title="bbox 256 2509 1411 2612; baseline -0.001 -29"><span class='ocrx_word' id='word_1_158' title='bbox 256 2520 417 2606; x_wconf 49' lang='lat' dir='ltr'><strong>{postea</strong></span> <span class='ocrx_word' id='word_1_159' title='bbox 457 2509 665 2606; x_wconf 86' lang='lat' dir='ltr'><strong>Cerolia‚</strong></span> <span class='ocrx_word' id='word_1_160' title='bbox 689 2513 802 2612; x_wconf 70' lang='lat' dir='ltr'><strong>‘quod</strong></span> <span class='ocrx_word' id='word_1_161' title='bbox 838 2511 920 2583; x_wconf 88' lang='lat' dir='ltr'><strong>hine</strong></span> <span class='ocrx_word' id='word_1_162' title='bbox 957 2514 1065 2584; x_wconf 84' lang='lat' dir='ltr'><strong>oritur</strong></span> <span class='ocrx_word' id='word_1_163' title='bbox 1098 2520 1201 2608; x_wconf 87' lang='lat' dir='ltr'><strong>eaput</strong></span> <span class='ocrx_word' id='word_1_164' title='bbox 1239 2509 1411 2584; x_wconf 79' lang='lat' dir='ltr'><strong>Sacrae</strong></span> 
     </span>
    </p>
   </div>
   <div class='ocr_carea' id='block_1_5' title="bbox 297 2694 1435 2958">
    <p class='ocr_par' dir='ltr' id='par_1_7' title="bbox 297 2694 1435 2958">
     <span class='ocr_line' id='line_1_23' title="bbox 297 2694 1411 2766; baseline 0.004 -22"><span class='ocrx_word' id='word_1_165' title='bbox 297 2694 353 2744; x_wconf 77' lang='lat' dir='ltr'><strong>rint</strong></span> <span class='ocrx_word' id='word_1_166' title='bbox 370 2700 431 2748; x_wconf 81' lang='lat' dir='ltr'><strong>cett.</strong></span> <span class='ocrx_word' id='word_1_167' title='bbox 466 2694 508 2746; x_wconf 84' lang='lat' dir='ltr'><strong>Ex</strong></span> <span class='ocrx_word' id='word_1_168' title='bbox 527 2694 574 2746; x_wconf 87' lang='lat' dir='ltr'><strong>hoe</strong></span> <span class='ocrx_word' id='word_1_169' title='bbox 593 2696 649 2745; x_wconf 88' lang='lat' dir='ltr'><strong>loeo</strong></span> <span class='ocrx_word' id='word_1_170' title='bbox 665 2710 764 2746; x_wconf 82' lang='lat' dir='ltr'><strong>sumere</strong></span> <span class='ocrx_word' id='word_1_171' title='bbox 781 2695 871 2758; x_wconf 87' lang='lat' dir='ltr'><strong>soient,</strong></span> <span class='ocrx_word' id='word_1_172' title='bbox 887 2695 977 2746; x_wconf 86' lang='lat' dir='ltr'><strong>urbem</strong></span> <span class='ocrx_word' id='word_1_173' title='bbox 993 2701 1046 2748; x_wconf 86' lang='lat' dir='ltr'><strong>turn</strong></span> <span class='ocrx_word' id='word_1_174' title='bbox 1063 2696 1141 2748; x_wconf 75' lang='lat' dir='ltr'><strong>inisse</strong></span> <span class='ocrx_word' id='word_1_175' title='bbox 1156 2694 1261 2746; x_wconf 82' lang='lat' dir='ltr'><strong>divisam</strong></span> <span class='ocrx_word' id='word_1_176' title='bbox 1275 2696 1300 2746; x_wconf 90' lang='lat' dir='ltr'><strong>in</strong></span> <span class='ocrx_word' id='word_1_177' title='bbox 1314 2703 1411 2766; x_wconf 77' lang='lat' dir='ltr'><strong>septem</strong></span> 
     </span>
     <span class='ocr_line' id='line_1_24' title="bbox 299 2765 1435 2832; baseline 0.004 -16"><span class='ocrx_word' id='word_1_178' title='bbox 299 2771 325 2816; x_wconf 90' lang='lat' dir='ltr'><strong>et</strong></span> <span class='ocrx_word' id='word_1_179' title='bbox 342 2765 433 2830; x_wconf 79' lang='lat' dir='ltr'><strong>viginti</strong></span> <span class='ocrx_word' id='word_1_180' title='bbox 450 2772 549 2832; x_wconf 85' lang='lat' dir='ltr'><strong>partes:</strong></span> <span class='ocrx_word' id='word_1_181' title='bbox 571 2765 638 2830; x_wconf 89' lang='lat' dir='ltr'><strong>quod</strong></span> <span class='ocrx_word' id='word_1_182' title='bbox 657 2765 776 2818; x_wconf 82' lang='lat' dir='ltr'><strong>Varronis</strong></span> <span class='ocrx_word' id='word_1_183' title='bbox 795 2766 878 2816; x_wconf 86' lang='lat' dir='ltr'><strong>verbis</strong></span> <span class='ocrx_word' id='word_1_184' title='bbox 896 2781 947 2818; x_wconf 89' lang='lat' dir='ltr'><strong>non</strong></span> <span class='ocrx_word' id='word_1_185' title='bbox 964 2767 1128 2832; x_wconf 78' lang='lat' dir='ltr'><strong>significatur.</strong></span> <span class='ocrx_word' id='word_1_186' title='bbox 1156 2765 1209 2818; x_wconf 85' lang='lat' dir='ltr'><strong>Sed</strong></span> <span class='ocrx_word' id='word_1_187' title='bbox 1228 2769 1337 2818; x_wconf 83' lang='lat' dir='ltr'><strong>sacraria</strong></span> <span class='ocrx_word' id='word_1_188' title='bbox 1357 2776 1410 2820; x_wconf 83' lang='lat' dir='ltr'><strong>tau-</strong></span> <span class='ocrx_word' id='word_1_189' title='bbox 1434 2799 1435 2802; x_wconf 63' lang='lat'><em>=</em></span> 
     </span>
     <span class='ocr_line' id='line_1_25' title="bbox 297 2833 1409 2904; baseline 0.004 -20"><span class='ocrx_word' id='word_1_190' title='bbox 297 2842 351 2885; x_wconf 87' lang='lat' dir='ltr'><strong>turn</strong></span> <span class='ocrx_word' id='word_1_191' title='bbox 369 2835 491 2902; x_wconf 79' lang='lat' dir='ltr'><strong>disposita</strong></span> <span class='ocrx_word' id='word_1_192' title='bbox 508 2841 573 2887; x_wconf 88' lang='lat' dir='ltr'><strong>sunt.</strong></span> <span class='ocrx_word' id='word_1_193' title='bbox 693 2835 793 2902; x_wconf 80' lang='lat' dir='ltr'><strong>venere]</strong></span> <span class='ocrx_word' id='word_1_194' title='bbox 812 2845 939 2886; x_wconf 83' lang='lat' dir='ltr'><strong>venerunt</strong></span> <span class='ocrx_word' id='word_1_195' title='bbox 957 2837 990 2889; x_wconf 85' lang='lat' dir='ltr'><strong>G.</strong></span> <span class='ocrx_word' id='word_1_196' title='bbox 1102 2833 1256 2904; x_wconf 81' lang='lat' dir='ltr'><strong>Suburana]</strong></span> <span class='ocrx_word' id='word_1_197' title='bbox 1274 2853 1317 2904; x_wconf 81' lang='lat' dir='ltr'><strong>vg.</strong></span> <span class='ocrx_word' id='word_1_198' title='bbox 1343 2846 1371 2891; x_wconf 90' lang='lat' dir='ltr'><strong>et</strong></span> <span class='ocrx_word' id='word_1_199' title='bbox 1388 2857 1409 2891; x_wconf 88' lang='lat' dir='ltr'><strong>c.</strong></span> 
     </span>
     <span class='ocr_line' id='line_1_26' title="bbox 297 2903 753 2958; baseline -0.002 -3"><span class='ocrx_word' id='word_1_200' title='bbox 297 2909 327 2956; x_wconf 83' lang='lat' dir='ltr'><strong>ut</strong></span> <span class='ocrx_word' id='word_1_201' title='bbox 344 2904 393 2956; x_wconf 83' lang='lat' dir='ltr'><strong>vid.</strong></span> <span class='ocrx_word' id='word_1_202' title='bbox 429 2903 582 2956; x_wconf 77' lang='lat' dir='ltr'><strong>suburbana</strong></span> <span class='ocrx_word' id='word_1_203' title='bbox 600 2912 661 2958; x_wconf 86' lang='lat' dir='ltr'><strong>cett.</strong></span> <span class='ocrx_word' id='word_1_204' title='bbox 680 2905 753 2957; x_wconf 86' lang='lat' dir='ltr'><strong>codd.</strong></span> 
     </span>
    </p>
   </div>
   <div class='ocr_carea' id='block_1_6' title="bbox 298 2975 1411 3326">
    <p class='ocr_par' dir='ltr' id='par_1_8' title="bbox 298 2975 1411 3326">
     <span class='ocr_line' id='line_1_27' title="bbox 407 2975 1409 3060; baseline 0.006 -18"><span class='ocrx_word' id='word_1_205' title='bbox 407 2975 459 3042; x_wconf 72' lang='lat' dir='ltr'><strong>lii.</strong></span> <span class='ocrx_word' id='word_1_206' title='bbox 486 2993 581 3060; x_wconf 85' lang='lat' dir='ltr'><strong>Caelio]</strong></span> <span class='ocrx_word' id='word_1_207' title='bbox 591 2993 621 3046; x_wconf 67' lang='lat'><strong>1⁴¹.</strong></span> <span class='ocrx_word' id='word_1_208' title='bbox 656 2991 723 3042; x_wconf 85' lang='lat' dir='ltr'><strong>coele</strong></span> <span class='ocrx_word' id='word_1_209' title='bbox 740 2991 801 3046; x_wconf 86' lang='lat' dir='ltr'><strong>GH.</strong></span> <span class='ocrx_word' id='word_1_210' title='bbox 837 2990 889 3042; x_wconf 84' lang='lat' dir='ltr'><strong>cele</strong></span> <span class='ocrx_word' id='word_1_211' title='bbox 906 3009 930 3045; x_wconf 93' lang='lat' dir='ltr'><strong>a.</strong></span> <span class='ocrx_word' id='word_1_212' title='bbox 952 2975 1067 3045; x_wconf 70' lang='lat' dir='ltr'><strong>similiter</strong></span> <span class='ocrx_word' id='word_1_213' title='bbox 1076 2992 1116 3046; x_wconf 88' lang='lat' dir='ltr'><strong>bc.</strong></span> <span class='ocrx_word' id='word_1_214' title='bbox 1231 2993 1409 3060; x_wconf 56' lang='lat' dir='ltr'><strong>Turianam.</strong></span> 
     </span>
     <span class='ocr_line' id='line_1_28' title="bbox 298 3061 1410 3136; baseline 0.003 -21"><span class='ocrx_word' id='word_1_215' title='bbox 298 3063 342 3115; x_wconf 81' lang='lat' dir='ltr'><strong>Fr.</strong></span> <span class='ocrx_word' id='word_1_216' title='bbox 358 3064 476 3117; x_wconf 83' lang='lat' dir='ltr'><strong>Pneeius.</strong></span> <span class='ocrx_word' id='word_1_217' title='bbox 515 3067 641 3117; x_wconf 82' lang='lat' dir='ltr'><strong>Latinum</strong></span> <span class='ocrx_word' id='word_1_218' title='bbox 658 3063 745 3136; x_wconf 50' lang='lat' dir='ltr'><strong>codd.¹</strong></span> <span class='ocrx_word' id='word_1_219' title='bbox 851 3061 943 3130; x_wconf 71' lang='lat' dir='ltr'><strong>Caelii]</strong></span> <span class='ocrx_word' id='word_1_220' title='bbox 961 3063 1035 3116; x_wconf 88' lang='lat' dir='ltr'><strong>codd.</strong></span> <span class='ocrx_word' id='word_1_221' title='bbox 1052 3070 1081 3116; x_wconf 91' lang='lat' dir='ltr'><strong>ut</strong></span> <span class='ocrx_word' id='word_1_222' title='bbox 1097 3063 1148 3116; x_wconf 85' lang='lat' dir='ltr'><strong>rid.</strong></span> <span class='ocrx_word' id='word_1_223' title='bbox 1167 3079 1255 3116; x_wconf 76' lang='lat' dir='ltr'><strong>ornnes</strong></span> <span class='ocrx_word' id='word_1_224' title='bbox 1272 3064 1346 3131; x_wconf 85' lang='lat' dir='ltr'><strong>(celii</strong></span> <span class='ocrx_word' id='word_1_225' title='bbox 1364 3066 1410 3134; x_wconf 85' lang='lat' dir='ltr'><strong>G.)</strong></span> 
     </span>
     <span class='ocr_line' id='line_1_29' title="bbox 300 3131 1408 3202; baseline 0.007 -21"><span class='ocrx_word' id='word_1_226' title='bbox 300 3151 359 3183; x_wconf 84' lang='lat' dir='ltr'><strong>cum</strong></span> <span class='ocrx_word' id='word_1_227' title='bbox 377 3135 465 3186; x_wconf 85' lang='lat' dir='ltr'><strong>Coelio</strong></span> <span class='ocrx_word' id='word_1_228' title='bbox 485 3133 567 3200; x_wconf 72' lang='grc' dir='ltr'><strong><em>ἠιιηε]</em></strong></span> <span class='ocrx_word' id='word_1_229' title='bbox 587 3136 651 3186; x_wconf 86' lang='lat' dir='ltr'><strong>coni.</strong></span> <span class='ocrx_word' id='word_1_230' title='bbox 668 3135 779 3187; x_wconf 81' lang='lat' dir='ltr'><strong>Bunueu.</strong></span> <span class='ocrx_word' id='word_1_231' title='bbox 797 3151 823 3202; x_wconf 88' lang='lat' dir='ltr'><strong>p.</strong></span> <span class='ocrx_word' id='word_1_232' title='bbox 841 3138 901 3186; x_wconf 84' lang='grc'><strong>691.</strong></span> <span class='ocrx_word' id='word_1_233' title='bbox 945 3151 1003 3186; x_wconf 85' lang='lat' dir='ltr'><strong>cum</strong></span> <span class='ocrx_word' id='word_1_234' title='bbox 1027 3131 1127 3197; x_wconf 73' lang='lat' dir='ltr'><strong>celion,</strong></span> <span class='ocrx_word' id='word_1_235' title='bbox 1152 3151 1229 3202; x_wconf 80' lang='lat' dir='ltr'><strong>supra</strong></span> <span class='ocrx_word' id='word_1_236' title='bbox 1246 3135 1369 3189; x_wconf 73' lang='lat' dir='ltr'><strong>readdito</strong></span> <span class='ocrx_word' id='word_1_237' title='bbox 1388 3154 1408 3190; x_wconf 77' lang='grc' dir='ltr'><strong>ι’,</strong></span> 
     </span>
     <span class='ocr_line' id='line_1_30' title="bbox 299 3203 1411 3324; baseline 0.004 -70"><span class='ocrx_word' id='word_1_238' title='bbox 299 3203 330 3256; x_wconf 69' lang='lat'><strong>1⁴¹.</strong></span> <span class='ocrx_word' id='word_1_239' title='bbox 344 3219 377 3256; x_wconf 82' lang='lat' dir='ltr'><strong>ex</strong></span> <span class='ocrx_word' id='word_1_240' title='bbox 394 3205 528 3324; x_wconf 67' lang='lat' dir='ltr'><strong>caliptione</strong></span> <span class='ocrx_word' id='word_1_241' title='bbox 546 3205 685 3274; x_wconf 76' lang='lat' dir='ltr'><strong>Niebuhrii.</strong></span> <span class='ocrx_word' id='word_1_242' title='bbox 721 3223 797 3277; x_wconf 84' lang='lat' dir='ltr'><strong>quom</strong></span> <span class='ocrx_word' id='word_1_243' title='bbox 814 3203 913 3256; x_wconf 83' lang='lat' dir='ltr'><strong>caelion</strong></span> <span class='ocrx_word' id='word_1_244' title='bbox 927 3205 961 3260; x_wconf 88' lang='lat' dir='ltr'><strong>G.</strong></span> <span class='ocrx_word' id='word_1_245' title='bbox 997 3223 1056 3256; x_wconf 86' lang='lat' dir='ltr'><strong>cum</strong></span> <span class='ocrx_word' id='word_1_246' title='bbox 1073 3203 1169 3256; x_wconf 85' lang='lat' dir='ltr'><strong>coelion</strong></span> <span class='ocrx_word' id='word_1_247' title='bbox 1185 3205 1220 3259; x_wconf 82' lang='lat' dir='ltr'><strong>H.</strong></span> <span class='ocrx_word' id='word_1_248' title='bbox 1255 3223 1315 3258; x_wconf 77' lang='lat' dir='ltr'><strong>cum</strong></span> <span class='ocrx_word' id='word_1_249' title='bbox 1331 3205 1411 3258; x_wconf 83' lang='lat' dir='ltr'><strong>celion</strong></span> 
     </span>
     <span class='ocr_line' id='line_1_31' title="bbox 298 3273 907 3326; baseline 0.002 0"><span class='ocrx_word' id='word_1_250' title='bbox 298 3290 337 3326; x_wconf 77' lang='lat' dir='ltr'><strong>ac.</strong></span> <span class='ocrx_word' id='word_1_251' title='bbox 372 3273 402 3324; x_wconf 79' lang='lat' dir='ltr'><strong>in</strong></span> <span class='ocrx_word' id='word_1_252' title='bbox 419 3275 483 3325; x_wconf 83' lang='lat' dir='ltr'><strong>reio</strong></span> <span class='ocrx_word' id='word_1_253' title='bbox 497 3276 523 3326; x_wconf 92' lang='lat' dir='ltr'><strong>b.</strong></span> <span class='ocrx_word' id='word_1_254' title='bbox 905 3292 907 3296; x_wconf 85' lang='lat'>&#39;</span> 
     </span>
    </p>
   </div>
   <div class='ocr_carea' id='block_1_7' title="bbox 294 3349 1408 4416">
    <p class='ocr_par' dir='ltr' id='par_1_9' title="bbox 294 3349 1408 4416">
     <span class='ocr_line' id='line_1_32' title="bbox 409 3349 1408 3430; baseline 0.001 -18"><span class='ocrx_word' id='word_1_255' title='bbox 409 3349 461 3414; x_wconf 80' lang='grc'><strong>47.</strong></span> <span class='ocrx_word' id='word_1_256' title='bbox 486 3360 560 3410; x_wconf 86' lang='lat' dir='ltr'><strong>Huic</strong></span> <span class='ocrx_word' id='word_1_257' title='bbox 577 3361 706 3428; x_wconf 73' lang='lat' dir='ltr'><strong>iunctae&#39;]</strong></span> <span class='ocrx_word' id='word_1_258' title='bbox 724 3363 809 3416; x_wconf 87' lang='lat' dir='ltr'><strong>addidi</strong></span> <span class='ocrx_word' id='word_1_259' title='bbox 827 3365 938 3429; x_wconf 81' lang='lat' dir='ltr'><strong>amni,</strong></span> <span class='ocrx_word' id='word_1_260' title='bbox 964 3363 1044 3430; x_wconf 84' lang='lat' dir='ltr'><strong>unde,</strong></span> <span class='ocrx_word' id='word_1_261' title='bbox 1069 3363 1197 3429; x_wconf 87' lang='lat' dir='ltr'><strong>quomodo</strong></span> <span class='ocrx_word' id='word_1_262' title='bbox 1215 3364 1286 3416; x_wconf 79' lang='lat' dir='ltr'><strong>locun</strong></span> <span class='ocrx_word' id='word_1_263' title='bbox 1300 3364 1408 3414; x_wconf 82' lang='lat' dir='ltr'><strong>truncari</strong></span> 
     </span>
     <span class='ocr_line' id='line_1_33' title="bbox 299 3433 1408 3502; baseline -0.002 -17"><span class='ocrx_word' id='word_1_264' title='bbox 299 3434 426 3502; x_wconf 86' lang='lat' dir='ltr'><strong>potuerit,</strong></span> <span class='ocrx_word' id='word_1_265' title='bbox 450 3438 592 3502; x_wconf 86' lang='lat' dir='ltr'><strong>appareret.</strong></span> <span class='ocrx_word' id='word_1_266' title='bbox 628 3433 700 3482; x_wconf 86' lang='lat' dir='ltr'><strong>Huic</strong></span> <span class='ocrx_word' id='word_1_267' title='bbox 717 3435 749 3485; x_wconf 89' lang='lat' dir='ltr'><strong>ad</strong></span> <span class='ocrx_word' id='word_1_268' title='bbox 768 3435 881 3486; x_wconf 85' lang='lat' dir='ltr'><strong>Caelium</strong></span> <span class='ocrx_word' id='word_1_269' title='bbox 898 3441 1009 3487; x_wconf 89' lang='lat' dir='ltr'><strong>montem</strong></span> <span class='ocrx_word' id='word_1_270' title='bbox 1026 3435 1144 3502; x_wconf 90' lang='lat' dir='ltr'><strong>pertinet.</strong></span> <span class='ocrx_word' id='word_1_271' title='bbox 1281 3433 1408 3484; x_wconf 83' lang='lat' dir='ltr'><strong>Cerolien-</strong></span> 
     </span>
     <span class='ocr_line' id='line_1_34' title="bbox 298 3501 1408 3572; baseline 0 -18"><span class='ocrx_word' id='word_1_272' title='bbox 298 3504 362 3570; x_wconf 71' lang='lat' dir='ltr'><strong>sem]</strong></span> <span class='ocrx_word' id='word_1_273' title='bbox 380 3521 421 3572; x_wconf 76' lang='lat' dir='ltr'><strong>vg.</strong></span> <span class='ocrx_word' id='word_1_274' title='bbox 457 3501 627 3554; x_wconf 70' lang='lat' dir='ltr'><strong>emoniensem</strong></span> <span class='ocrx_word' id='word_1_275' title='bbox 643 3504 731 3567; x_wconf 89' lang='lat' dir='ltr'><strong>codd.‚</strong></span> <span class='ocrx_word' id='word_1_276' title='bbox 749 3511 850 3570; x_wconf 80' lang='lat' dir='ltr'><strong>praeter</strong></span> <span class='ocrx_word' id='word_1_277' title='bbox 865 3507 899 3558; x_wconf 85' lang='lat' dir='ltr'><strong>G.</strong></span> <span class='ocrx_word' id='word_1_278' title='bbox 927 3505 971 3571; x_wconf 91' lang='lat' dir='ltr'><strong>qui</strong></span> <span class='ocrx_word' id='word_1_279' title='bbox 987 3503 1162 3557; x_wconf 74' lang='lat' dir='ltr'><strong>citonieneem.</strong></span> <span class='ocrx_word' id='word_1_280' title='bbox 1281 3505 1408 3554; x_wconf 81' lang='lat' dir='ltr'><strong>Cerolien-</strong></span> 
     </span>
     <span class='ocr_line' id='line_1_35' title="bbox 297 3572 1407 3644; baseline 0.003 -21"><span class='ocrx_word' id='word_1_281' title='bbox 297 3575 345 3639; x_wconf 77' lang='lat' dir='ltr'><strong>uir]</strong></span> <span class='ocrx_word' id='word_1_282' title='bbox 365 3573 515 3626; x_wconf 78' lang='lat' dir='ltr'><strong>cerolierurea</strong></span> <span class='ocrx_word' id='word_1_283' title='bbox 529 3573 627 3624; x_wconf 81' lang='lat' dir='ltr'><strong>FGHc.</strong></span> <span class='ocrx_word' id='word_1_284' title='bbox 663 3572 815 3624; x_wconf 82' lang='lat' dir='ltr'><strong>cerulienaee</strong></span> <span class='ocrx_word' id='word_1_285' title='bbox 828 3590 852 3624; x_wconf 90' lang='lat' dir='ltr'><strong>a.</strong></span> <span class='ocrx_word' id='word_1_286' title='bbox 888 3575 1038 3626; x_wconf 76' lang='lat' dir='ltr'><strong>coraliensis</strong></span> <span class='ocrx_word' id='word_1_287' title='bbox 1051 3575 1075 3626; x_wconf 92' lang='lat' dir='ltr'><strong>b.</strong></span> <span class='ocrx_word' id='word_1_288' title='bbox 1197 3572 1360 3644; x_wconf 81' lang='lat' dir='ltr'><strong>quariiceps]</strong></span> <span class='ocrx_word' id='word_1_289' title='bbox 1369 3591 1407 3642; x_wconf 79' lang='lat' dir='ltr'><strong>vg.</strong></span> 
     </span>
     <span class='ocr_line' id='line_1_36' title="bbox 299 3641 1407 3714; baseline 0.005 -21"><span class='ocrx_word' id='word_1_290' title='bbox 299 3661 367 3710; x_wconf 83' lang='lat' dir='ltr'><strong>quae</strong></span> <span class='ocrx_word' id='word_1_291' title='bbox 376 3643 438 3714; x_wconf 83' lang='lat' dir='ltr'><strong>(que</strong></span> <span class='ocrx_word' id='word_1_292' title='bbox 450 3643 490 3712; x_wconf 90' lang='lat' dir='ltr'><strong>b.)</strong></span> <span class='ocrx_word' id='word_1_293' title='bbox 499 3643 593 3712; x_wconf 72' lang='lat' dir='ltr'><strong>triceps</strong></span> <span class='ocrx_word' id='word_1_294' title='bbox 610 3641 685 3695; x_wconf 86' lang='lat' dir='ltr'><strong>codd.</strong></span> <span class='ocrx_word' id='word_1_295' title='bbox 782 3643 807 3706; x_wconf 80' lang='lat' dir='ltr'><strong>r]</strong></span> <span class='ocrx_word' id='word_1_296' title='bbox 820 3646 886 3696; x_wconf 90' lang='lat' dir='ltr'><strong>eoui.</strong></span> <span class='ocrx_word' id='word_1_297' title='bbox 915 3645 943 3696; x_wconf 85' lang='lat' dir='ltr'><strong>in</strong></span> <span class='ocrx_word' id='word_1_298' title='bbox 957 3645 1031 3697; x_wconf 81' lang='lat' dir='ltr'><strong>codd.</strong></span> <span class='ocrx_word' id='word_1_299' title='bbox 1135 3643 1197 3712; x_wconf 82' lang='lat' dir='ltr'><strong>iter]</strong></span> <span class='ocrx_word' id='word_1_300' title='bbox 1213 3644 1278 3696; x_wconf 81' lang='lat' dir='ltr'><strong>roni.</strong></span> <span class='ocrx_word' id='word_1_301' title='bbox 1313 3644 1362 3694; x_wconf 79' lang='lat' dir='ltr'><strong>itit</strong></span> <span class='ocrx_word' id='word_1_302' title='bbox 1375 3645 1407 3698; x_wconf 79' lang='lat' dir='ltr'><strong>G.</strong></span> 
     </span>
     <span class='ocr_line' id='line_1_37' title="bbox 297 3712 1408 3784; baseline 0.002 -22"><span class='ocrx_word' id='word_1_303' title='bbox 297 3715 355 3764; x_wconf 81' lang='lat' dir='ltr'><strong>itur</strong></span> <span class='ocrx_word' id='word_1_304' title='bbox 372 3722 431 3766; x_wconf 85' lang='lat' dir='ltr'><strong>cett.</strong></span> <span class='ocrx_word' id='word_1_305' title='bbox 462 3716 572 3767; x_wconf 85' lang='lat' dir='ltr'><strong>Buusen.</strong></span> <span class='ocrx_word' id='word_1_306' title='bbox 597 3731 621 3781; x_wconf 89' lang='lat' dir='ltr'><strong>p.</strong></span> <span class='ocrx_word' id='word_1_307' title='bbox 636 3717 696 3766; x_wconf 79' lang='lat'><strong>692.</strong></span> <span class='ocrx_word' id='word_1_308' title='bbox 718 3715 813 3766; x_wconf 87' lang='lat' dir='ltr'><strong>mavolt</strong></span> <span class='ocrx_word' id='word_1_309' title='bbox 826 3715 859 3766; x_wconf 84' lang='lat' dir='ltr'><strong>&#39;ut</strong></span> <span class='ocrx_word' id='word_1_310' title='bbox 876 3716 945 3766; x_wconf 82' lang='lat' dir='ltr'><strong>locus</strong></span> <span class='ocrx_word' id='word_1_311' title='bbox 963 3716 999 3766; x_wconf 87' lang='lat' dir='ltr'><strong>sic</strong></span> <span class='ocrx_word' id='word_1_312' title='bbox 1016 3717 1177 3784; x_wconf 83' lang='lat' dir='ltr'><strong>suppleatur:</strong></span> <span class='ocrx_word' id='word_1_313' title='bbox 1207 3731 1262 3784; x_wconf 85' lang='lat' dir='ltr'><strong>qua</strong></span> <span class='ocrx_word' id='word_1_314' title='bbox 1283 3712 1313 3764; x_wconf 84' lang='lat' dir='ltr'><strong>in</strong></span> <span class='ocrx_word' id='word_1_315' title='bbox 1339 3713 1408 3764; x_wconf 81' lang='lat' dir='ltr'><strong>Celio</strong></span> 
     </span>
     <span class='ocr_line' id='line_1_38' title="bbox 298 3783 1408 3851; baseline 0.005 -20"><span class='ocrx_word' id='word_1_316' title='bbox 298 3793 383 3834; x_wconf 79' lang='lat' dir='ltr'><strong>oronte</strong></span> <span class='ocrx_word' id='word_1_317' title='bbox 402 3784 456 3851; x_wconf 84' lang='lat' dir='ltr'><strong>(vel</strong></span> <span class='ocrx_word' id='word_1_318' title='bbox 472 3786 500 3836; x_wconf 85' lang='lat' dir='ltr'><strong>in</strong></span> <span class='ocrx_word' id='word_1_319' title='bbox 518 3785 615 3836; x_wconf 84' lang='lat' dir='ltr'><strong>Celium</strong></span> <span class='ocrx_word' id='word_1_320' title='bbox 633 3783 757 3850; x_wconf 79' lang='lat' dir='ltr'><strong>montem)</strong></span> <span class='ocrx_word' id='word_1_321' title='bbox 774 3783 846 3835; x_wconf 87' lang='lat' dir='ltr'><strong>itur:</strong></span> <span class='ocrx_word' id='word_1_322' title='bbox 870 3784 916 3836; x_wconf 75' lang='lat' dir='ltr'><strong>ria</strong></span> <span class='ocrx_word' id='word_1_323' title='bbox 933 3784 1044 3835; x_wconf 76' lang='lat' dir='ltr'><strong>sinistra</strong></span> <span class='ocrx_word' id='word_1_324' title='bbox 1063 3787 1092 3836; x_wconf 88' lang='lat' dir='ltr'><strong>in</strong></span> <span class='ocrx_word' id='word_1_325' title='bbox 1109 3783 1246 3836; x_wconf 79' lang='lat' dir='ltr'><strong>tabernula</strong></span> <span class='ocrx_word' id='word_1_326' title='bbox 1263 3793 1313 3834; x_wconf 81' lang='lat' dir='ltr'><strong>eat.</strong></span> <span class='ocrx_word' id='word_1_327' title='bbox 1351 3785 1408 3836; x_wconf 83' lang='lat' dir='ltr'><strong>Hoc</strong></span> 
     </span>
     <span class='ocr_line' id='line_1_39' title="bbox 297 3851 1408 3926; baseline 0.001 -22"><span class='ocrx_word' id='word_1_328' title='bbox 297 3853 429 3906; x_wconf 84' lang='lat' dir='ltr'><strong>Minervae</strong></span> <span class='ocrx_word' id='word_1_329' title='bbox 448 3855 545 3921; x_wconf 85' lang='lat' dir='ltr'><strong>Captae</strong></span> <span class='ocrx_word' id='word_1_330' title='bbox 563 3855 694 3906; x_wconf 82' lang='lat' dir='ltr'><strong>delubrum</strong></span> <span class='ocrx_word' id='word_1_331' title='bbox 713 3859 783 3918; x_wconf 86' lang='lat' dir='ltr'><strong>erat,</strong></span> <span class='ocrx_word' id='word_1_332' title='bbox 813 3851 917 3905; x_wconf 81' lang='lat' dir='ltr'><strong>Caelius</strong></span> <span class='ocrx_word' id='word_1_333' title='bbox 933 3873 965 3904; x_wconf 81' lang='lat' dir='ltr'><strong>ex</strong></span> <span class='ocrx_word' id='word_1_334' title='bbox 983 3854 1040 3906; x_wconf 83' lang='lat' dir='ltr'><strong>ulto</strong></span> <span class='ocrx_word' id='word_1_335' title='bbox 1062 3872 1116 3926; x_wconf 84' lang='lat' dir='ltr'><strong>qua</strong></span> <span class='ocrx_word' id='word_1_336' title='bbox 1140 3873 1212 3907; x_wconf 80' lang='lat' dir='ltr'><strong>mons</strong></span> <span class='ocrx_word' id='word_1_337' title='bbox 1230 3853 1408 3908; x_wconf 68' lang='lat' dir='ltr'><strong>descenditur</strong></span> 
     </span>
     <span class='ocr_line' id='line_1_40' title="bbox 297 3923 1408 3994; baseline 0.005 -22"><span class='ocrx_word' id='word_1_338' title='bbox 297 3941 427 3994; x_wconf 83' lang='lat' dir='ltr'><strong>aequum,</strong></span> <span class='ocrx_word' id='word_1_339' title='bbox 451 3925 505 3974; x_wconf 87' lang='lat' dir='ltr'><strong>Hic</strong></span> <span class='ocrx_word' id='word_1_340' title='bbox 522 3923 567 3974; x_wconf 84' lang='lat' dir='ltr'><strong>ubi</strong></span> <span class='ocrx_word' id='word_1_341' title='bbox 585 3943 636 3976; x_wconf 86' lang='lat' dir='ltr'><strong>non</strong></span> <span class='ocrx_word' id='word_1_342' title='bbox 650 3923 736 3993; x_wconf 83' lang='lat' dir='ltr'><strong>planu</strong></span> <span class='ocrx_word' id='word_1_343' title='bbox 753 3933 808 3989; x_wconf 81' lang='lat' dir='ltr'><strong>eet,</strong></span> <span class='ocrx_word' id='word_1_344' title='bbox 826 3924 873 3975; x_wconf 82' lang='lat' dir='ltr'><strong>red</strong></span> <span class='ocrx_word' id='word_1_345' title='bbox 885 3943 966 3994; x_wconf 86' lang='lat' dir='ltr'><strong>prope</strong></span> <span class='ocrx_word' id='word_1_346' title='bbox 980 3925 1066 3994; x_wconf 84' lang='lat' dir='ltr'><strong>plana</strong></span> <span class='ocrx_word' id='word_1_347' title='bbox 1083 3925 1129 3975; x_wconf 76' lang='lat' dir='ltr'><strong>oia</strong></span> <span class='ocrx_word' id='word_1_348' title='bbox 1146 3935 1195 3978; x_wconf 80' lang='lat' dir='ltr'><strong>eat.</strong></span> <span class='ocrx_word' id='word_1_349' title='bbox 1228 3925 1302 3977; x_wconf 85' lang='lat' dir='ltr'><strong>ovid.</strong></span> <span class='ocrx_word' id='word_1_350' title='bbox 1320 3925 1352 3979; x_wconf 87' lang='lat' dir='ltr'><strong>F.</strong></span> <span class='ocrx_word' id='word_1_351' title='bbox 1362 3925 1408 3990; x_wconf 88' lang='lat' dir='ltr'><strong>lli,</strong></span> 
     </span>
     <span class='ocr_line' id='line_1_41' title="bbox 295 3992 1405 4064; baseline 0 -19"><span class='ocrx_word' id='word_1_352' title='bbox 295 3998 357 4048; x_wconf 76' lang='lat'><strong>835.</strong></span> <span class='ocrx_word' id='word_1_353' title='bbox 441 4004 535 4063; x_wconf 79' lang='lat' dir='ltr'><strong>postea</strong></span> <span class='ocrx_word' id='word_1_354' title='bbox 554 3994 665 4064; x_wconf 84' lang='lat' dir='ltr'><strong>Cerolio]</strong></span> <span class='ocrx_word' id='word_1_355' title='bbox 679 3997 731 4064; x_wconf 87' lang='lat' dir='ltr'><strong>Pro</strong></span> <span class='ocrx_word' id='word_1_356' title='bbox 744 3992 782 4047; x_wconf 81' lang='lat' dir='ltr'><strong>liis</strong></span> <span class='ocrx_word' id='word_1_357' title='bbox 797 4000 822 4046; x_wconf 90' lang='lat' dir='ltr'><strong>et</strong></span> <span class='ocrx_word' id='word_1_358' title='bbox 833 4013 887 4062; x_wconf 83' lang='lat' dir='ltr'><strong>sqq.</strong></span> <span class='ocrx_word' id='word_1_359' title='bbox 907 3996 1017 4048; x_wconf 80' lang='lat' dir='ltr'><strong>Burman.</strong></span> <span class='ocrx_word' id='word_1_360' title='bbox 1031 4014 1057 4064; x_wconf 92' lang='lat' dir='ltr'><strong>p.</strong></span> <span class='ocrx_word' id='word_1_361' title='bbox 1066 3999 1126 4047; x_wconf 82' lang='lat'><strong>693.</strong></span> <span class='ocrx_word' id='word_1_362' title='bbox 1151 3999 1250 4046; x_wconf 79' lang='lat' dir='ltr'><strong>Postea</strong></span> <span class='ocrx_word' id='word_1_363' title='bbox 1263 4013 1343 4046; x_wconf 76' lang='lat' dir='ltr'><strong>sacru</strong></span> <span class='ocrx_word' id='word_1_364' title='bbox 1352 3997 1405 4058; x_wconf 74' lang='lat' dir='ltr'><strong>vio,</strong></span> 
     </span>
     <span class='ocr_line' id='line_1_42' title="bbox 297 4063 1405 4134; baseline 0.003 -21"><span class='ocrx_word' id='word_1_365' title='bbox 297 4064 368 4134; x_wconf 81' lang='lat' dir='ltr'><strong>quod</strong></span> <span class='ocrx_word' id='word_1_366' title='bbox 379 4063 440 4118; x_wconf 79' lang='lat' dir='ltr'><strong>irinc</strong></span> <span class='ocrx_word' id='word_1_367' title='bbox 456 4065 542 4115; x_wconf 80' lang='lat' dir='ltr'><strong>oritur</strong></span> <span class='ocrx_word' id='word_1_368' title='bbox 554 4075 602 4120; x_wconf 81' lang='lat' dir='ltr'><strong>err.</strong></span> <span class='ocrx_word' id='word_1_369' title='bbox 621 4068 763 4134; x_wconf 73' lang='lat' dir='ltr'><strong>(intelligar</strong></span> <span class='ocrx_word' id='word_1_370' title='bbox 782 4081 814 4118; x_wconf 91' lang='lat' dir='ltr'><strong>eo</strong></span> <span class='ocrx_word' id='word_1_371' title='bbox 824 4067 881 4118; x_wconf 87' lang='lat' dir='ltr'><strong>loeo</strong></span> <span class='ocrx_word' id='word_1_372' title='bbox 891 4069 1028 4118; x_wconf 82' lang='lat' dir='ltr'><strong>sacrarium</strong></span> <span class='ocrx_word' id='word_1_373' title='bbox 1038 4068 1179 4130; x_wconf 79' lang='lat' dir='ltr'><strong>Argeorum</strong></span> <span class='ocrx_word' id='word_1_374' title='bbox 1192 4064 1253 4131; x_wconf 83' lang='lat' dir='ltr'><strong>eat).</strong></span> <span class='ocrx_word' id='word_1_375' title='bbox 1287 4065 1333 4118; x_wconf 88' lang='lat' dir='ltr'><strong>Me</strong></span> <span class='ocrx_word' id='word_1_376' title='bbox 1345 4067 1405 4132; x_wconf 89' lang='lat' dir='ltr'><strong>quin</strong></span> 
     </span>
     <span class='ocr_line' id='line_1_43' title="bbox 296 4135 1404 4205; baseline 0.004 -21"><span class='ocrx_word' id='word_1_377' title='bbox 296 4135 489 4200; x_wconf 73' lang='lat' dir='ltr'><strong>inuenientium</strong></span> <span class='ocrx_word' id='word_1_378' title='bbox 506 4137 552 4187; x_wconf 91' lang='lat' dir='ltr'><strong>viri</strong></span> <span class='ocrx_word' id='word_1_379' title='bbox 570 4139 667 4203; x_wconf 79' lang='lat' dir='ltr'><strong>egregii</strong></span> <span class='ocrx_word' id='word_1_380' title='bbox 685 4137 878 4205; x_wconf 66' lang='lat' dir='ltr'><strong>pedibusue,</strong></span> <span class='ocrx_word' id='word_1_381' title='bbox 896 4139 988 4189; x_wconf 85' lang='lat' dir='ltr'><strong>retinet</strong></span> <span class='ocrx_word' id='word_1_382' title='bbox 1006 4144 1107 4204; x_wconf 85' lang='lat' dir='ltr'><strong>praetor</strong></span> <span class='ocrx_word' id='word_1_383' title='bbox 1122 4138 1187 4201; x_wconf 85' lang='lat' dir='ltr'><strong>alia,</strong></span> <span class='ocrx_word' id='word_1_384' title='bbox 1211 4135 1279 4203; x_wconf 84' lang='lat' dir='ltr'><strong>quod</strong></span> <span class='ocrx_word' id='word_1_385' title='bbox 1297 4137 1335 4188; x_wconf 79' lang='lat' dir='ltr'><strong>aie</strong></span> <span class='ocrx_word' id='word_1_386' title='bbox 1355 4139 1404 4188; x_wconf 85' lang='lat' dir='ltr'><strong>Ce-</strong></span> 
     </span>
     <span class='ocr_line' id='line_1_44' title="bbox 295 4207 1404 4275; baseline 0 -18"><span class='ocrx_word' id='word_1_387' title='bbox 295 4207 410 4258; x_wconf 82' lang='lat' dir='ltr'><strong>roliensia</strong></span> <span class='ocrx_word' id='word_1_388' title='bbox 428 4223 521 4258; x_wconf 86' lang='lat' dir='ltr'><strong>nomen</strong></span> <span class='ocrx_word' id='word_1_389' title='bbox 544 4208 721 4275; x_wconf 85' lang='lat' dir='ltr'><strong>inexplicatum</strong></span> <span class='ocrx_word' id='word_1_390' title='bbox 745 4209 902 4274; x_wconf 88' lang='lat' dir='ltr'><strong>relinquitur.</strong></span> <span class='ocrx_word' id='word_1_391' title='bbox 938 4208 1045 4259; x_wconf 85' lang='lat' dir='ltr'><strong>Varroni</strong></span> <span class='ocrx_word' id='word_1_392' title='bbox 1068 4213 1166 4271; x_wconf 85' lang='lat' dir='ltr'><strong>autem,</strong></span> <span class='ocrx_word' id='word_1_393' title='bbox 1191 4209 1234 4273; x_wconf 85' lang='lat' dir='ltr'><strong>qui</strong></span> <span class='ocrx_word' id='word_1_394' title='bbox 1252 4207 1329 4258; x_wconf 86' lang='lat' dir='ltr'><strong>Urbis</strong></span> <span class='ocrx_word' id='word_1_395' title='bbox 1349 4207 1404 4258; x_wconf 87' lang='lat' dir='ltr'><strong>ioea</strong></span> 
     </span>
     <span class='ocr_line' id='line_1_45' title="bbox 296 4275 1403 4344; baseline 0 -17"><span class='ocrx_word' id='word_1_396' title='bbox 296 4275 415 4329; x_wconf 74' lang='lat' dir='ltr'><strong>haetenus</strong></span> <span class='ocrx_word' id='word_1_397' title='bbox 439 4283 536 4330; x_wconf 89' lang='lat' dir='ltr'><strong>tantum</strong></span> <span class='ocrx_word' id='word_1_398' title='bbox 561 4287 674 4342; x_wconf 81' lang='lat' dir='ltr'><strong>enarrat,</strong></span> <span class='ocrx_word' id='word_1_399' title='bbox 697 4285 726 4330; x_wconf 91' lang='lat' dir='ltr'><strong>ut</strong></span> <span class='ocrx_word' id='word_1_400' title='bbox 748 4280 876 4330; x_wconf 85' lang='lat' dir='ltr'><strong>nominum</strong></span> <span class='ocrx_word' id='word_1_401' title='bbox 900 4284 986 4344; x_wconf 72' lang='lat' dir='ltr'><strong>atynia</strong></span> <span class='ocrx_word' id='word_1_402' title='bbox 1008 4278 1132 4344; x_wconf 78' lang='lat' dir='ltr'><strong>explieat,</strong></span> <span class='ocrx_word' id='word_1_403' title='bbox 1156 4278 1264 4344; x_wconf 71' lang='lat' dir='ltr'><strong>frigidus</strong></span> <span class='ocrx_word' id='word_1_404' title='bbox 1281 4279 1360 4328; x_wconf 83' lang='lat' dir='ltr'><strong>etiarn</strong></span> <span class='ocrx_word' id='word_1_405' title='bbox 1380 4279 1403 4328; x_wconf 91' lang='lat' dir='ltr'><strong>in</strong></span> 
     </span>
     <span class='ocr_line' id='line_1_46' title="bbox 294 4345 1403 4416; baseline 0.003 -18"><span class='ocrx_word' id='word_1_406' title='bbox 294 4349 373 4415; x_wconf 81' lang='lat' dir='ltr'><strong>stirpe</strong></span> <span class='ocrx_word' id='word_1_407' title='bbox 395 4348 567 4415; x_wconf 74' lang='lat' dir='ltr'><strong>investiganda</strong></span> <span class='ocrx_word' id='word_1_408' title='bbox 590 4351 658 4402; x_wconf 77' lang='lat' dir='ltr'><strong>lusus</strong></span> <span class='ocrx_word' id='word_1_409' title='bbox 681 4350 765 4416; x_wconf 83' lang='lat' dir='ltr'><strong>potior</strong></span> <span class='ocrx_word' id='word_1_410' title='bbox 779 4349 913 4402; x_wconf 83' lang='lat' dir='ltr'><strong>videbatur</strong></span> <span class='ocrx_word' id='word_1_411' title='bbox 936 4363 1010 4414; x_wconf 83' lang='lat' dir='ltr'><strong>qnam</strong></span> <span class='ocrx_word' id='word_1_412' title='bbox 1027 4348 1111 4400; x_wconf 70' lang='lat' dir='ltr'><strong>nuilus</strong></span> <span class='ocrx_word' id='word_1_413' title='bbox 1127 4353 1240 4402; x_wconf 78' lang='lat' dir='ltr'><strong>conatur.</strong></span> <span class='ocrx_word' id='word_1_414' title='bbox 1276 4345 1317 4399; x_wconf 83' lang='lat' dir='ltr'><strong>lta</strong></span> <span class='ocrx_word' id='word_1_415' title='bbox 1337 4363 1403 4410; x_wconf 77' lang='lat' dir='ltr'><strong>erre,</strong></span> 
     </span>
    </p>
   </div>
   <div class='ocr_carea' id='block_1_8' title="bbox 0 0 1450 4820">
    <p class='ocr_par' dir='ltr' id='par_1_10' title="bbox 0 0 1450 4820">
     <span class='ocr_line' id='line_1_47' title="bbox 0 0 1450 4820; baseline 0 0"><span class='ocrx_word' id='word_1_416' title='bbox 0 0 1450 4820; x_wconf 95' lang='lat' dir='ltr'><strong> </strong></span> 
     </span>
    </p>
   </div>
  </div>
 </body>
</html>
