2866 4812
456 205 494 308 5.
526 221 730 292 10-13·
822 297 826 308 ,
1085 202 1162 282 itt

41 409 133 496 atque
166 396 246 476 ideo
281 397 383 472 etiam
419 395 534 470 omnia
568 393 674 468 verba
686 415 699 490 ς
749 417 829 465 cum
864 391 1084 468 fulmentum*
1120 392 1164 470 ei

41 525 102 572 una
126 499 280 600 syllaba,
296 494 395 572 ‘illud
420 509 491 592 et,
516 507 653 570 maneat
676 521 798 568 unum.
851 494 971 592 Quare
989 493 1079 567 duce
1102 521 1164 567 ne·

41 613 131 698 tura,
155 602 364 691 *institutum
383 599 467 693 cst‘,
490 599 546 672 ut*
570 623 659 696 quae
681 599 843 696 imposita
861 609 975 670 essent
994 595 1166 674 voeabula
1214 625 1219 648 ¹

40 701 157 796 rebus,
190 729 235 777 ne
258 702 303 774 ab
326 701 488 776 omnibus
511 699 567 773 his
593 699 784 773 declinatus
807 709 981 797 putarent.
1226 701 1229 708 '

132 813 196 898 ss.
229 823 391 915 Quorum
416 847 583 922 generum
609 820 857 895 declinationes
879 822 1056 912 oriuntur,
1083 823 1204 918 par-d

39 935 83 996 tes
97 926 261 999 orationis
273 936 362 998 sunt
377 924 479 1018 duae,
502 925 546 1014 si,
570 925 653 996 item
672 933 712 994 ut
732 924 842 1014 Dion,
865 925 903 994 in
922 925 986 994 tris
1007 921 1163 998 diviseri-

39 1051 109 1102 mus
129 1038 245 1124 partes
269 1053 347 1120 res,
375 1043 464 1124 qnae
488 1024 604 1098 verbis
628 1023 893 1124 significantura
923 1049 1047 1118 unam,
1075 1049 1165 1122 quae
1247 1073 1253 1096 .

39 1127 250 1227 adsignificat
279 1151 419 1200 cassus:
458 1127 626 1218 alteram,
670 1149 759 1223 quae
791 1137 968 1223 tempora:
1008 1128 1166 1218 tertiam,
1311 1199 1313 1204 ,

40 1253 127 1330 quae
143 1241 318 1303 neutrum.
372 1230 437 1301 De?
451 1228 509 1300 iris
529 1224 736 1302 Aristotcles
757 1228 923 1300 orationis
945 1226 1032 1300 duas
1052 1238 1220 1328 partesffl

40 1355 108 1402 esse
132 1331 241 1426 dicit,
275 1329 446 1404 vocabulo
477 1338 515 1402 et
546 1329 672 1420 verba,
710 1339 752 1401 ut
783 1327 912 1402 homo
942 1337 977 1400 ct
1010 1353 1164 1425 equos,

41 1443 69 1504 ct
97 1432 215 1532 tegit
246 1443 281 1506 et
314 1434 486 1514 currit.
557 1433 559 1440 '
648 1427 714 1502 12.
755 1431 946 1528 Utriusque
971 1431 1108 1528 generis
1133 1439 1169 1500 et

15 1541 19 1558 '
41 1533 194 1608 vocabuli
211 1545 253 1606 'et
276 1531 376 1606 verbi
400 1532 569 1631 quaedam
593 1533 729 1629 priora,
758 1531 928 1630 quaedam
951 1531 1167 1628 posteriora5

41 1638 172 1731 priora,
207 1646 247 1708 ut
277 1633 653 1740 homno,⁴scribit,
689 1636 898 1732 posteriora,
933 1644 973 1705 ut
1005 1631 1168 1705 doctus

41 1738 249 1832 ctdoct'e3
289 1735 417 1812 dicitur
440 1733 689 1808 enim'homc
720 1735 901 1827 doctus,
937 1746 972 1807 ct
997 1731 1169 1806 scribit
1226 1733 1229 1740 '
1305 1747 1307 1756 ’

42 1836 181 1912 doct-e.
241 1837 343 1913 Haec
367 1839 524 1936 sequitur
548 1847 583 1908 et
605 1835 708 1908 locus
734 1845 951 1933 etitempus‘,
989 1832 1166 1932 quodne*

41 1953 100 2036 que
132 1938 284 2032 homo,
320 1955 386 2012 nec
421 1936 589 2011 scribit
612 1947 725 2036 potest
747 1939 822 2011 sine
847 1929 927 2010 locd
950 1946 986 2008 et
1010 1946 1238 2033 temporem)

41 2065 130 2114 esse:
161 2042 209 2114 ita
233 2053 272 2116 ut
296 2041 408 2142 magis
428 2042 474 2113 sit
497 2039 598 2112 iocus
618 2039 751 2126 ¹homini
777 2040 1005 2132 coniunctus,
1029 2048 1168 2135 tempus

41 2145 225 2244 scriptioni.
398 2137 463 2215 15.
505 2141 623 2233 Quom
648 2139 772 2215 dehis
800 2167 926 2216 nomen
950 2141 996 2213 sit
1017 2141 1170 2240 primum

43 2349 106 2402 tium
220 2347 273 2416 uei]
292 2357 325 2401 ut
342 2350 410 2403 coni·
425 2347 581 2416 Spmgclins
595 2348 611 2402 Ι.
625 2349 643 2402 Ι.
751 2337 944 2418 fulmentum]
961 2345 1028 2396 coni.
1059 2341 1170 2413 suluoen

43 2427 102 2470 tunc
116 2419 190 2486 (tum
200 2419 250 2488 G.)
263 2421 338 2474 codd.
371 2414 563 2492 fulcimentum
581 2421 647 2471 coni.
665 2419 821 2486 ,Spengetins
834 2420 850 2470 Ι.
866 2419 901 2482 t,
917 2415 964 2468 sed
982 2415 1059 2466 etiam
1076 2414 1170 2466 minori

43 2493 177 2544 mutatione
196 2508 262 2560 opus
280 2498 344 2544 erat.
409 2491 412 2498 '
495 2489 664 2542 *institutum
682 2490 747 2554 aar]
765 2492 832 2543 coni.
849 2487 952 2551 addidi,
979 2500 1124 2552 quanquam
1141 2485 1170 2535 in

44 2562 111 2615 codd.
134 2563 236 2616 nntium
252 2565 360 2616 lacunae
377 2561 529 2628 vestigium,
556 2562 606 2614 nisi
630 2559 700 2629 quod
723 2562 749 2614 in
767 2563 801 2614 G.
827 2567 887 2630 post
903 2575 927 2610 v.
947 2556 1124 2607 unum-unius
1143 2561 1170 2606 et

44 2631 134 2688 dimidii
150 2650 243 2688 versus
260 2637 371 2704 spatium
389 2635 508 2700 relietum
526 2641 574 2688 est.
619 2635 670 2701 Vg.
690 2639 749 2702 post
767 2629 845 2685 rebus
863 2630 1062 2698 interponiturr-
1075 2624 1171 2680 Multa

44 2701 148 2762 desunt,
183 2705 253 2773 qnod
277 2702 439 2760 incommode
465 2705 554 2757 inferri
582 2704 646 2758 vidit
670 2705 826 2773 Spengeiius
853 2701 962 2755 Emend.
987 2701 1062 2754 Varr.
1087 2715 1112 2766 p.
1127 2701 1170 2748 13.

44 2777 94 2841 Μ’]
111 2779 177 2830 coni.
214 2777 239 2830 ai
256 2779 333 2832 codd.
369 2787 402 2829 ut
419 2815 427 2830 .
445 2813 452 2825 .
471 2794 503 2827 ne
526 2785 594 2830 nunc
611 2777 709 2844 legitur
725 2777 803 2829 etiam
820 2775 965 2840 V11,105.
1034 2807 1040 2820 .

149 2876 202 2942 ῙῙ·
240 2895 360 2962 Quorum
382 2892 519 2964 generum]
543 2909 586 2958 vg.
640 2910 756 2964 quarum
777 2909 905 2963 generum
927 2887 1004 2942 codd.
1055 2903 1171 2958 qnorum

44 2977 123 3014 'trum
140 2965 299 3032 Spengclius
317 2967 333 3018 Ι.
348 2967 380 3029 1.,
406 2963 475 3030 quod
499 2965 582 3015 minus
607 2965 702 3031 probo,
743 2965 810 3016 Nam
833 2970 909 3016 antea
931 2963 1016 3014 Varro
1041 2973 1075 3009 ex
1092 2957 1171 3010 rebus
1205 2997 1208 3002 .

44 3046 102 3095 quae
118 3034 311 3102 significantur,
333 3048 416 3103 uuam
434 3050 491 3088 csse
508 3040 639 3103 oporteat.
651 3034 834 3087 vocabulorum
852 3039 982 3095 naturam,
1008 3027 1171 3080 demonstra-

43 3111 122 3158 verat:
153 3121 222 3160 nunc
246 3107 280 3162 de
304 3108 488 3161 vocabulorum
513 3105 652 3174 generibus
679 3106 801 3172 loquitur.
847 3104 970 3156 Ceterum
992 3100 1062 3155 idem
1086 3099 1119 3152 V.
1133 3099 1171 3151 i).

44 3183 96 3238 post
111 3177 244 3230 eduntur.
261 3195 313 3232 non
330 3179 414 3246 τελείᾳ
432 3179 530 3249 στιγμῇ
547 3179 689 3231 orationem
707 3191 764 3230 csse
781 3174 1003 3243 distinguendam,
1027 3169 1172 3224 rectissima

44 3244 171 3318 intellexit,
300 3250 436 3318 oriamur]
454 3266 496 3316 vg.
533 3249 659 3302 oriantur
676 3247 752 3304 codd.
871 3246 955 3314 Dion]
973 3245 1112 3298 Stoicusnc
1129 3239 1172 3292 nie

43 3329 72 3366 an
90 3318 281 3374 Academicusi
317 3323 458 3390 Utriusque
475 3322 591 3374 meminit
608 3321 710 3374 cicero.
777 3339 780 3348 ’
829 3318 923 3382 unam]
942 3317 999 3370 cod.
1016 3315 1050 3366 B.
1087 3327 1172 3363 unum

44 3389 155 3444 meliores
174 3391 251 3445 codd.
366 3393 471 3460 cassus]
489 3393 597 3463 scripsi,
614 3397 735 3445 monente
752 3390 895 3459 Spengetio
914 3407 940 3456 p.
952 3385 1049 3440 LXVI.
1072 3399 1172 3450 ¹capue

45 3457 111 3514 codd.
147 3478 227 3514 casua
242 3477 285 3528 vg.
322 3463 455 3518 Ciceronis
470 3465 630 3534 temporibus
647 3480 741 3514 cassus
758 3467 786 3514 et
803 3477 902 3513 caussa
918 3465 945 3512 ct
958 3453 1171 3511 muito'similitcr

45 3531 225 3600 scriptitasse,
252 3533 330 3587 docet
355 3537 465 3592 Quintil.
489 3536 553 3590 lost.
570 3536 600 3601 1,
617 3540 643 3588 t.
669 3533 702 3588 cf.
722 3531 788 3588 inira
812 3535 837 3596 δ.
851 3536 895 3584 39.
1043 3523 1172 3590 alteram]

46 3601 96 3654 tud.
113 3603 146 3657 B.
189 3604 307 3655 alterum
323 3608 445 3661 meliores
462 3607 539 3660 codd.
706 3604 826 3670 tertiam]
844 3601 945 3670 scripsi.
992 3597 1077 3649 tertia
1094 3593 1173 3648 codd.

46 3671 212 3726 Aristotelem
238 3675 308 3728 duaa
340 3677 470 3730 orationis
491 3685 586 3747 partes
617 3682 748 3742 statuere,
777 3675 861 3728 Varro
885 3688 937 3725 non
962 3670 1025 3722 satis
1050 3672 1174 3729 accurate

40 3745 145 3811 scribit,
172 3762 232 3799 cum
254 3743 413 3817 tripartitam
436 3751 493 3803 eius
518 3749 669 3802 divisionem
694 3749 775 3800 fuisse
793 3745 932 3810 Dionysius
954 3747 982 3795 et
999 3737 1174 3796 Quintilianus
1245 3752 1247 3760 ’

47 3813 180 3882 atumem,
206 3824 234 3871 et
251 3819 452 3888 quadripartitae
476 3823 502 3874 in
526 3820 648 3888 operibus
672 3820 754 3888 ipsius
771 3817 881 3883 vestigia
896 3815 963 3880 sint,
987 3825 1054 3878 quae
1074 3808 1174 3862 notavit

49 3883 144 3948 (nostro
166 3890 224 3942 loeo
242 3891 377 3960 neglecto)
401 3893 439 3944 lo.
456 3893 566 3944 clamen
591 3891 624 3944 de
648 3887 782 3958 grammat.
800 3887 919 3941 Graecae
942 3881 1087 3954 primordio
1111 3895 1172 3946 pag.

48 3957 85 4008 5²·
103 3973 158 4028 sqq.
272 3963 365 4034 equor]
382 3980 468 4034 equus
486 3963 562 4016 codd.
588 3967 616 4014 ut
634 3965 658 4026 §.
671 3966 714 4016 10.
732 3978 838 4032 equum.

49 4134 127 4192 VM
154 4055 204 4120 12.
238 4072 315 4123 Haec
337 4069 471 4144 requirar]
489 4073 549 4142 te.
572 4068 699 4125 artissime
722 4081 781 4120 cunr
804 4067 836 4120 iia
860 4066 1025 4120 coniunctum
1049 4064 1097 4114 cst.
1134 4057 1173 4110 ct.

70 4173 90 4199 ‚.

154 4218 204 4286 1³.
228 4230 325 4301 Quom]
349 4230 425 4286 Hanc
442 4230 577 4301 periodum
598 4230 674 4284 aliter
692 4226 898 4298 interpungendc
916 4220 1037 4278 constitui
1055 4237 1086 4273 ac
1104 4219 1176 4288 pric-

50 4313 93 4354 ΝΕ·
129 4305 195 4361 Nam
213 4304 239 4360 hi
261 4296 422 4374 ὖποστιγμήν
449 4308 587 4372 posuerant
612 4308 672 4372 post
697 4299 851 4371 scriptioni,
880 4298 978 4379 radatur
1003 4300 1091 4348 cutem
1116 4291 1176 4359 port
