2866 4812
349 241 353 254 ·
448 221 640 322 §.61-·
664 225 728 302 66·
1083 215 1162 292 21⁷

44 421 262 506 alequas,
303 409 427 505 equi,
463 407 642 511 analogiae
670 406 934 482 fundamentum
966 433 1042 482 csse
1073 405 1162 482 obli·

42 513 213 582 viscantur
233 519 392 584 naturam
414 520 449 582 st
469 537 586 584 usum.
628 509 817 610 singulare
836 522 902 603 est,
926 509 1021 608 qnod
1040 521 1163 584 natura

43 639 140 682 nnnrn
166 609 342 708 significat
366 624 405 684 nt
429 637 561 710 equos,
593 623 653 685 aut
673 612 768 710 quod
789 613 974 686 coniuncta
995 611 1163 709 quodam·

42 713 135 786 modn
169 713 215 784 ad
252 739 361 784 unum
398 739 503 786 nsum
537 723 578 786 ut
611 712 733 812 bigae:
771 716 888 813 itaque
920 711 982 788 ut*
1017 711 1164 786 dicimus

41 840 116 886 una
140 813 291 908 Musa,
324 817 378 887 sic
401 814 687 889 dicimnsnnae
712 814 854 915 bigae.
905 853 910 868 ·
970 811 1040 886 64.
1065 813 1165 889 Mul·

41 916 187 990 titudinis
210 914 381 990 vocabula
406 928 487 988 sunt
510 943 620 992 unum
644 917 816 990 inlinitum
841 926 881 989 ut
904 916 1051 1009 Musae,
1079 915 1164 996 alte·

39 1043 109 1088 rum
123 1017 272 1090 'linitum
297 1029 337 1090 ut
362 1015 452 1110 duc,
485 1029 576 1111 tres,
612 1029 783 1118 quatu0r3
819 1018 968 1090 dicimus
1002 1020 1094 1090 enim
1125 1027 1165 1090 ut

15 1116 98 1190 ,iae
122 1119 271 1212 Musae,
308 1121 360 1190 sic
391 1145 481 1192 unae
513 1119 614 1220 bigae
647 1130 683 1193 ct
715 1118 817 1193 binae
848 1131 883 1192 et
907 1121 1017 1192 trinae
1038 1117 1160 1218 bigae:

39 1221 83 1290 sic
99 1219 273 1318 deinceps.
311 1219 432 1310 Quare
451 1232 521 1293 tam
544 1223 619 1292 uni
641 1231 675 1294 ct
695 1246 801 1292 unae
825 1232 862 1294 et
886 1245 972 1293 una
997 1219 1165 1318 quodam·

38 1321 134 1394 modo
166 1322 357 1421 singularia
389 1332 493 1414 sunt,
533 1348 640 1420 quam
673 1349 763 1395 unus
794 1333 832 1396 et
864 1347 933 1393 una
965 1331 1000 1393 et
1029 1348 1161 1415 unum,

37 1419 97 1494 hcc
131 1424 235 1497 modo
269 1434 399 1516 mutat,
435 1423 531 1521 quod
560 1424 667 1496 altera
700 1427 738 1496 in
763 1421 1019 1524 singularibus,
1055 1422 1223 1496 alternus

36 1524 67 1594 in
88 1526 282 1600 coniunctis
305 1523 435 1621 rebus,
474 1538 511 1599 et
534 1537 573 1598 ut
598 1525 689 1617 dun,
721 1528 788 1596 tria
812 1537 894 1598 sunt
918 1524 1240 1615 multitudinis,114)
1336 1586 1338 1594 s

34 1625 78 1696 sic
108 1625 213 1719 bina,
247 1628 350 1701 trina.
505 1624 575 1700 65.
614 1627 850 1704 lisiardum
874 1652 1012 1725 quoqne
1035 1651 1161 1724 genus,

33 1726 205 1826 singulare
224 1729 237 1754 *
254 1730 291 1800 in
318 1727 557 1821 multitudine,
592 1740 634 1800 ut
659 1741 777 1801 uter:
817 1730 854 1800 in
878 1754 949 1824 qun
972 1725 1225 1827 multitud-§ju

33 1830 106 1918 niS,
143 1841 185 1900 ut
216 1830 348 1921 utri*,
392 1840 536 1902 utrae.
605 1829 694 1902 Inde
733 1842 812 1902 nter
844 1839 945 1927 potita
976 1828 1163 1928 singulari,

33 1932 94 2002 utri
120 1939 247 2026 potitae
272 1930 501 2004 multitudinis
521 1941 587 2003 est.
642 1930 725 2028 Qua
739 1932 916 2028 *explicata
939 1941 1077 2022 natura,
1104 1955 1167 2027 ap·

34 2044 130 2126 paret¹
156 2058 230 2104 nnn
263 2030 389 2106 debere
422 2034 539 2108 omnia
571 2033 742 2106 vocabula
776 2031 1007 2104 multitudinis
1036 2029 1166 2104 habers

36 2157 93 2227 par
126 2133 331 2230 singulare,
370 2160 491 2210 amnes
526 2136 618 2208 enim
650 2136 787 2208 numeri
818 2161 839 2208 a
873 2133 1010 2206 duobus
1045 2160 1166 2206 susum

38 2259 151 2308 versus
174 2234 404 2308 multitudinis
426 2231 527 2328 sunt,
555 2261 668 2332 neque
690 2263 809 2310 eornm
829 2238 1014 2333 qnisquam
1036 2233 1166 2308 habcrc
1226 2327 1230 2334 Ι

37 2347 141 2430 potest
172 2336 348 2434 singulare
382 2362 537 2434 compar.
598 2336 731 2410 Iniuria
765 2338 872 2435 igitur
896 2336 1097 2432 postulant,
1133 2338 1165 2408 si

38 2460 99 2531 qua
120 2439 193 2510 sint
209 2437 414 2537 singularia,
433 2449 591 2536 oportere
609 2435 738 2511 hahere
759 2436 1001 2512 multitudinis
1091 2435 1160 2510 66.

38 2535 118 2612 Item
143 2541 206 2636 qni
230 2537 501 2638 reprehendunt,
528 2537 623 2637 quud
648 2565 720 2612 nnn
745 2539 881 2612 dicatur
900 2550 940 2612 ut
963 2537 1229 2639 unguen-40
1305 2581 1308 2596 ·

38 2649 121 2714 tum
152 2650 404 2741 unguenta,
443 2644 594 2715 vinnm
626 2643 754 2736 vina,
796 2644 847 2714 sic
882 2651 1018 2713 acetum
1050 2652 1162 2733 aceta,

40 2766 153 2837 garum
178 2769 285 2843 gara,
311 2742 445 2818 faciunt
466 2744 643 2843 imperite,
672 2746 734 2842 qni
755 2743 804 2818 ibi
829 2741 1024 2816 desiderant
1047 2743 1165 2815 multi-

39 2843 158 2918 tudinis
199 2842 430 2937 vocabnlum,
475 2871 564 2943 quac
598 2845 665 2926 sub
699 2872 898 2920 mensnram
938 2869 980 2918 ac
1010 2845 1165 2942 pondera

39 2948 144 3038 potius
170 2973 276 3046 qnam
302 2945 368 3018 sub
389 2971 572 3018 nnmerum
597 2948 810 3041 succedunt3
838 2975 920 3020 nam
944 2949 982 3019 in
1005 2943 1226 3048 plumch

40 3045 129 3139 oleo,
166 3059 334 3147 argento,
383 3074 463 3120 cum
496 3049 747 3120 incrementum
780 3050 950 3140 accessit,
997 3047 1163 3140 dicimus,
1218 3130 1224 3148 χ

38 3150 221 3222 multum
248 3141 414 3243 dicum,
441 3153 492 3224 sic
517 3149 702 3224 multum
727 3149 979 3250 plumbum,
1010 3175 1174 3251 arpenm

39 3345 70 3401 lit
84 3341 120 3407 nic
138 3360 240 3424 postca.
352 3363 482 3408 naturam
497 3364 525 3407 at
544 3356 634 3422 uram]
653 3356 754 3426 scripsi.
789 3365 916 3412 naturam
934 3365 962 3408 et
980 3354 1028 3422 (ut
1044 3353 1095 3421 Η.)
1113 3373 1167 3406 usu

42 3418 115 3485 (urna
131 3427 212 3496 GH.)
230 3425 305 3480 codd.
350 3436 489 3482 naturam,
515 3429 587 3479 Nam
603 3437 631 3478 et
649 3445 701 3480 usu
719 3445 761 3496 vg.
804 3429 911 3482 Scilicet
934 3443 998 3479 nam
1021 3433 1110 3480 natum
1126 3432 1168 3479 cst

40 3521 69 3560 ex
84 3513 210 3582 scriptnra
233 3520 368 3568 contracta
391 3505 471 3574 ηἷιῆῑ
500 3515 559 3570 hinc
583 3522 675 3587 postea
694 3522 751 3569 orta
773 3533 862 3584 prava,
876 3517 1020 3578 distinctim
1046 3531 1097 3582 qun
1115 3515 1167 3568 loci

40 3587 157 3638 sententia
174 3586 280 3640 turbata
297 3591 345 3639 est.
381 3587 422 3641 ct.
440 3589 495 3654 IX,
512 3589 573 3641 87(
677 3589 733 3658 αι’]
751 3587 837 3641 addidi
854 3588 977 3640 suadente
995 3587 1147 3655 Spengelio.

144 3681 199 3747 64.
228 3694 280 3746 hae
298 3695 408 3762 Musae]
426 3679 588 3764 descripsit
605 3697 705 3750 Varroa
734 3711 791 3748 una
808 3694 893 3745 Musa
910 3701 939 3744 et
957 3693 1028 3744 duas
1044 3689 1166 3748 Musas?

41 3761 225 3836 caietanae]
244 3769 280 3820 G.
304 3771 332 3820 st
348 3765 409 3819 fort.
427 3767 463 3820 Η.
480 3773 512 3820 ut
528 3784 572 3835 vg.
609 3785 679 3819 unas
696 3775 724 3816 et
741 3765 790 3816 uni
806 3770 869 3820 cett.
885 3766 962 3820 codd.

143 3860 198 3926 65.
227 3874 279 3927 'in
296 3873 471 3927 multitudine
489 3877 533 3942 nt]
552 3875 620 3931 coni.
640 3875 741 3943 scripsi.
786 3882 819 3924 ur
841 3872 871 3925 in
888 3869 1063 3924 multitudino
1088 3870 1164 3924 codd.

41 3939 101 3996 iliud
118 3961 209 4000 sensus
225 3948 345 4012 flagitare
358 3947 500 4000 ridebatur.
536 3947 604 4000 Nam
622 3957 683 3998 nter
699 3961 758 3998 cum
773 3957 852 3998 unum
868 3947 936 4000 inter
952 3945 1018 3996 dnos
1030 3943 1166 4009 significet,

41 4010 84 4065 dici
101 4025 203 4083 poterat
220 4035 236 4072 a
254 4020 371 4072 Varrone
387 4017 526 4086 singulare
548 4017 576 4070 in
595 4017 776 4069 multitudine.
889 4014 973 4071 utri⁸2
990 4015 1080 4082 utrae]
1099 4014 1165 4068 coni.

40 4085 131 4153 scripsi.
168 4100 229 4141 utre
248 4089 295 4142 Fa.
332 4099 412 4140 utrae
430 4088 492 4143 GH.
528 4099 605 4156 uter,
624 4087 696 4141 utrei
711 4105 754 4154 vg.
879 4087 958 4154 Inde]
976 4085 1043 4140 coni.
1079 4085 1166 4138 aiau

41 4150 108 4294 uu]
140 4163 172 4214 J.
190 4163 240 4214 Gn.
277 4161 318 4213 Gi.
344 4161 516 4216 PraetutianIs
544 4167 623 4230 capnt
652 4155 686 4214 de'
711 4159 809 4214 codicis
836 4159 1005 4227 antiquimimi
1030 4158 1165 4227 scripturn.

40 4235 96 4278 tuni
126 4248 176 4288 om,
194 4251 218 4286 a,
312 4238 317 4247 '
500 4242 506 4256 *
740 4259 744 4268 ·

79 4391 81 4398 s
142 4315 198 4382 fili·
223 4332 347 4404 argento]
363 4347 405 4400 νς.
443 4342 519 4384 acero
537 4331 635 4386 cedd.v
743 4303 871 4399 dicimus]
886 4349 928 4401 vg.
965 4331 1077 4385 dicimur
1094 4328 1163 4383 enim
