2874 4804
239 193 323 270 278
646 161 972 270 aurrrrarrirun

356 386 436 468 164,
460 404 487 457 2.
506 399 631 470 matianis
737 405 762 455 4.
780 418 798 452 a
849 401 860 415 ⁴

355 511 437 592 165,
462 530 489 580 2.
508 541 534 577 a.
640 527 667 578 2.
685 527 712 577 6.
730 524 785 575 iam
800 523 907 597 signum
1012 531 1038 581 4.
1057 545 1117 578 curn
1222 533 1250 580 ¹t.
1267 535 1297 578 et
1317 523 1389 581 bello

242 615 443 690 carthaginensi

356 733 437 809 166,
461 752 486 803 4.
505 757 594 800 terrae
678 752 705 802 6.
724 748 829 818 λέκτρον
846 763 898 802 om.
980 752 1006 800 7.
1025 743 1157 818 regestria
1241 749 1267 798 6.
1285 746 1313 798 si
1331 763 1389 801 om.

240 840 267 889 8.
286 839 312 889 9.
330 837 379 890 lac.
398 843 457 907 post
474 854 500 892 v.
519 837 626 891 Graecis
732 843 759 892 9.
777 847 812 890 ut
905 836 986 910 fitur
1050 837 1346 910 ’10.φ1ρετρονοω.

357 959 436 1040 167,
462 980 489 1029 2.
507 984 669 1028 tormentum
781 979 808 1029 6.
826 970 948 1026 celebant
1008 976 1070 1027 .4.
1090 973 1219 1046 quiequid
1317 978 1345 1027 4.
1371 991 1389 1026 a

241 1068 267 1118 6.
281 1063 414 1134 pluvinar
527 1072 554 1120 6.
572 1063 759 1136 operiebantur
870 1069 896 1117 t.
911 1061 991 1134 palia
1102 1067 1129 1116 8.
1146 1068 1171 1117 9.
1189 1062 1390 1132 amphimalum

284 1261 286 1268 y
356 1185 439 1265 168,
465 1205 490 1255 ³.
515 1199 545 1252 in
566 1214 618 1255 om.
745 1203 771 1254 4.
789 1205 815 1255 6.
834 1196 1035 1274 περιστρώματα
1054 1207 1081 1252 et
1098 1193 1313 1270 περιπετὰσματα
1330 1215 1387 1252 om.

242 1293 268 1344 6.
286 1299 315 1342 et
332 1289 371 1344 eie
389 1292 504 1346 convivii
545 1342 549 1352 ,

356 1402 437 1484 169,
462 1421 488 1471 6.
506 1434 525 1468 a
543 1415 612 1490 sing.
630 1435 702 1470 num.
792 1435 811 1468 a

357 1528 438 1608 170,
466 1548 492 1596 4.
509 1539 632 1594 tricensie
707 1545 734 1594 5.
755 1542 827 1614 quod
906 1547 933 1596 6.
951 1547 1010 1611 post
1027 1557 1089 1593 nam
1107 1555 1133 1594 v.
1151 1537 1253 1591 caeteri
1268 1537 1390 1595 additur.

356 1691 437 1773 171,
461 1713 488 1761 ’1.
513 1717 622 1777 septuns
735 1711 761 1760 6.
779 1654 814 1795 {att
826 1702 907 1756 uncia

357 1838 438 1920 172,
462 1858 488 1906 2.
506 1870 526 1903 a
544 1849 717 1904 diminutione
824 1851 1017 1902 ‘diminuuntur

356 1961 436 2043 173,
464 1980 489 2031 1.
507 1976 595 2030 idest
613 1994 632 2027 a
725 1979 771 2034 ,3.
789 1977 815 2030 4.
834 1973 979 2029 sextertiua
1068 2037 1077 2050 .
1434 2051 1435 2054 Ἴ

355 2087 435 2168 174,
458 2107 490 2155 3.
504 2097 624 2154 simbelia
695 2104 720 2155 4.
739 2100 892 2154 terrentius
961 2105 988 2155 6.
1006 2105 1066 2170 post
1083 2109 1116 2152 ut
1133 2115 1157 2154 v.
1175 2096 1249 2150 valet
1268 2095 1385 2151 additur.
1434 2065 1435 2068 Ἴ

357 2223 438 2303 175,
463 2241 490 2290 3.
508 2239 536 2290 6.
553 2242 579 2291 t.
598 2237 705 2291 lacunae
722 2239 740 2293 l.
758 2255 799 2294 vv.
817 2239 915 2309 δωτίνη
937 2244 965 2293 et
983 2233 1054 2300 δόμα
1076 2242 1103 2290 et
1121 2229 1193 2289 δόσιν
1211 2240 1239 2289 et
1257 2229 1383 2305 ἀρραβών

244 2337 270 2386 6.
289 2329 363 2382 dicta

358 2430 439 2510 176,
462 2449 490 2498 2.
508 2462 568 2495 cum
680 2449 707 2498 3.
725 2445 860 2499 exolvere!
971 2449 998 2499 4.
1015 2453 1137 2514 coeptum

358 2568 440 2645 177,
466 2583 493 2633 4.
511 2596 571 2629 cum
691 2583 718 2631 7.
737 2579 878 2632 Praetium
1000 2581 1228 2653 estimationieque
1357 2586 1385 2632 6.

240 2669 337 2744 faeere
351 2678 466 2740 possunt

359 2783 442 2862 178,
467 2800 493 2850 2.
514 2795 684 2878 factumest
788 2802 814 2851 ³.
828 2767 957 2869 praetio'
1041 2803 1068 2856 6.
1086 2799 1139 2852 hae
1244 2801 1271 2850 6.
1289 2811 1391 2849 scaena

246 2895 274 2945 6.
292 2888 325 2945 ab
342 2907 394 2945 om.
1063 2894 1068 2901 ’

361 3011 441 3093 179,
467 3030 494 3080 1.
511 3025 595 3080 datur

357 3151 443 3229 180,
469 3168 494 3218 1.
517 3168 545 3218 2.
571 3164 601 3218 in
623 3163 717 3218 litibus
741 3164 827 3219 verit.-
857 3163 1028 3220 Sacramento
1162 3171 1188 3220 ³.
1211 3160 1387 3234 inficiebatur
1420 3177 1423 3186 ’

248 3259 277 3310 3.
292 3264 405 3328 uterque
517 3261 543 3309 6.
561 3252 684 3308 redibant

363 3345 442 3459 181,
468 3395 495 3444 2.
513 3389 645 3446 tributum
716 3397 742 3446 3.
756 3388 935 3464 exigebantur
1004 3397 1030 3447 6.
1044 3403 1123 3446 erant
1168 3395 1250 3447 multi
1267 3396 1382 3450 reddant

361 3515 444 3597 182,
469 3536 531 3586 2.α
644 3535 670 3585 4.
689 3529 774 3584 archa
799 3532 893 3586 omisso
917 3529 947 3582 in
1034 3534 1097 3584 6.a
1184 3535 1250 3584 ‘La
1338 3535 1380 3584 10.

249 3617 370 3688 reputari
483 3625 529 3676 11.
544 3622 669 3676 Aenniue

363 3743 443 3842 183,
469 3763 495 3812 3.
514 3767 566 3812 aut
583 3763 644 3812 aute
661 3757 778 3810 secunda
795 3758 906 3813 additur.
1001 3762 1027 3813 4.
1046 3753 1180 3830 ὢρεηάίο
1278 3763 1307 3811 6.
1324 3774 1379 3809 cum

247 3850 274 3899 t.
293 3863 352 3897 cum
464 3853 491 3902 6.
508 3849 632 3902 tritinam

248 4047 316 4120 vl·
342 4061 375 4153 §.
393 4067 433 4148 2,
459 4081 486 4134 2.
507 4015 654 4148 Ciysippue
720 4082 767 4132 ’3.
786 4077 940 4131 litterarum
1026 4080 1052 4131 4.
1068 4075 1269 4150 Appolladorue
1350 4078 1375 4127 6.

248 4164 357 4220 litteras
445 4176 472 4225 6.
489 4169 650 4236 adsumant,
666 4167 725 4222 alia
742 4177 847 4222 mutent
933 4171 961 4220 7.
978 4164 1127 4221 declinante
1204 4173 1230 4221 ⁹.
1248 4164 1373 4221 Arietat-

247 4273 306 4308 cum
396 4263 437 4312 11.
455 4278 474 4310 a
562 4265 605 4313 12.
623 4277 642 4311 a
730 4279 749 4312 a
