2874 4804
259 239 343 312 244
646 265 771 310 31333
809 264 1007 310 necinus.

195 1075 242 1143 522

260 439 299 500 nt
325 430 356 500 si
382 428 526 500 alterum
552 429 596 500 sit
619 419 745 518 dandi,
774 427 856 498 item
882 425 1027 497 alterum
1055 427 1100 498 sit
1125 425 1251 496 dandi:
1280 429 1385 508 exitu,

259 541 299 600 ut
322 555 409 627 quas
434 555 542 600 unum
569 528 694 601 babeat
719 540 889 600 extremas
914 527 1054 619 literas,
1083 527 1219 598 easdem
1245 527 1388 600 alterurn

258 629 396 702 babeat.
513 628 583 701 22.
612 627 674 701 Ad
696 628 791 700 lrunc
817 628 1078 727 quadruplicem
1100 629 1229 702 fontem
1253 631 1391 703 ordines

257 732 460 832 deriguntur
489 730 583 826 bini,
624 734 684 803 uni
717 732 925 822 transversi,
965 731 1062 803 alteri
1097 731 1245 823 derecti,
1283 744 1325 804 ut
1358 736 1390 804 in

256 832 376 906 tabula
397 834 496 925 solet,
519 835 556 904 in
579 859 646 931 qua
670 832 873 904 latrunculis
894 831 1031 904 ludunt.
1085 833 1295 906 Transversi
1315 848 1393 907 sunt

257 939 318 1033 qui
339 934 384 1007 ab
404 945 501 1007 recto
523 961 606 1007 casu
630 934 762 1031 obliqui
787 933 1019 1026 declinantur,
1044 946 1084 1006 ut
1105 933 1256 1027 albus,
1287 936 1389 1033 albi,

257 1036 382 1132 albo,
423 1036 552 1108 derecti
578 1049 661 1108 sunt
693 1038 754 1132 qui
785 1034 828 1106 ab
853 1047 948 1108 recto
975 1061 1059 1108 casu
1083 1039 1120 1108 in
1145 1049 1260 1108 rectos
1290 1037 1391 1110 decli·

257 1151 397 1230 uantur,
426 1151 465 1210 ut
491 1137 642 1230 albus,
671 1137 794 1228 alba,
823 1136 994 1209 album:
1023 1141 1161 1235 utrique
1184 1149 1266 1210 sunt
1291 1142 1391 1236 parti·

256 1239 322 1311 bns
345 1243 449 1312 senis.
503 1242 804 1312 Transversnrum
837 1238 998 1312 ordinum
1032 1253 1147 1337 partes
1177 1240 1391 1338 appellantur

257 1366 378 1435 casus,
416 1342 634 1415 derectorum
667 1367 814 1440 genera:
847 1343 1002 1439 utrisque
1027 1345 1117 1414 inter
1144 1367 1181 1415 se
1210 1343 1390 1446 implicatis

255 1442 379 1515 forma.
546 1467 548 1472 ·

358 1543 426 1617 25.
455 1547 581 1618 1113331
604 1547 700 1643 prius
724 1544 767 1616 de
787 1546 1005 1616 transversis.
1049 1543 1203 1616 Casuum
1225 1546 1391 1618 vocabula

258 1647 345 1720 alius
371 1649 439 1719 alio
460 1649 564 1720 modo
588 1647 774 1744 appellavit
783 1675 794 1741 3
823 1673 886 1718 nos
914 1646 1081 1737 dicemus,
1110 1650 1170 1744 qui
1193 1650 1389 1722 nominandi

259 1771 363 1819 causa
394 1748 541 1841 dicitur,
578 1747 779 1822 nominandi
805 1748 862 1820 vel
886 1749 1145 1821 nominativom.
1174 1801 1183 1818 .
1212 1801 1221 1818 .
1248 1801 1257 1822 .

593 1854 670 1920 Hic
696 1855 828 1919 tlesunt
856 1854 932 1920 tria
953 1853 1060 1940 folia

681 1955 719 2021 in
748 1954 963 2044 exemplari.

258 2048 328 2122 24.
355 2104 364 2122 .
392 2103 401 2122 .
428 2105 438 2122 .
462 2062 498 2124 31
518 2077 697 2148 scopae,
726 2078 796 2123 non
818 2051 945 2124 dicitur
969 2077 1039 2122 una
1061 2077 1189 2150 scopa,
1216 2054 1286 2126 alia
1308 2059 1390 2128 enim

258 2164 396 2245 natura,
424 2153 517 2250 quod
538 2157 653 2250 priora
674 2152 902 2250 simplicibus,
931 2155 1119 2250 posteriora
1143 2157 1179 2226 in
1202 2159 1390 2230 coniunctis

259 2253 365 2326 rebus
392 2254 561 2326 vocabula
586 2267 785 2352 ponuntur,
821 2257 871 2326 sic
893 2253 1045 2354 bigae,
1073 2258 1124 2328 sic
1151 2258 1390 2358 quadrigae

197 2381 280 2453 §til
314 2359 502 2429 coniuncta
537 2357 662 2429 dictae.
726 2357 850 2454 ltaque
884 2383 954 2429 333
984 2357 1110 2428 dicitur
1142 2370 1181 2430 ut
1210 2359 1300 2434 haec
1331 2388 1391 2432 nna

260 2457 329 2530 lata
354 2471 388 2532 et
414 2459 514 2550 alba,
555 2461 606 2532 sic
632 2485 701 2531 una
726 2458 829 2558 biga,
865 2459 926 2530 sed
951 2484 1064 2531 unae
1094 2458 1245 2560 bigae:
1286 2489 1391 2560 neque

261 2573 299 2632 ut
322 2560 448 2632 dicitur
474 2560 539 2632 bae
570 2561 658 2634 duae
684 2560 793 2653 latae,
835 2559 955 2651 albae,
995 2563 1046 2632 sic
1077 2559 1143 2634 bae
1174 2562 1263 2636 duae
1300 2563 1391 2665 bigae

260 2673 297 2732 et
324 2662 526 2760 quadrigae.
636 2687 638 2718 1
685 2659 766 2734 25.
807 2662 896 2734 11313
931 2661 1044 2760 ligura
1077 2662 1174 2736 verbi
1208 2666 1325 2763 qualis
1354 2669 1392 2738 sit

261 2759 391 2856 refert,
419 2762 514 2860 quod
538 2759 574 2833 13
600 2762 714 2861 ligura
738 2765 833 2836 vocis
856 2764 941 2836 alias
963 2766 1184 2838 commutatio
1206 2767 1246 2840 fit
1268 2770 1307 2846 iu
1330 2794 1392 2842 uno

262 2863 395 2960 verbo,
419 2867 513 2938 suit
538 2865 641 2937 modo
667 2866 814 2960 suitls:
844 2865 930 2936 alias
954 2867 991 2935 in
1016 2865 1150 2962 medio,
1186 2879 1225 2939 ut
1249 2894 1390 2962 curso,

377 3039 429 3102 22.
471 3053 641 3124 deriguntur]
662 3060 688 3106 et
708 3052 816 3118 derecta]
835 3053 866 3105 F.
913 3054 953 3105 Ad
972 3053 1036 3108 11333
1060 3055 1243 3110 131313311333
1262 3061 1390 3127 pauloin-

266 3123 362 3175 feriore
381 3127 457 3176 etiam
477 3127 573 3177 caeteri
591 3126 666 3178 codd.
685 3125 794 3192 digitum
816 3125 964 3191 intendunt,
991 3143 1074 3193 neque
1093 3128 1240 3181 destituitur
1254 3147 1287 3182 33
1309 3135 1389 3184 111313-

265 3209 324 3246 1331
341 3197 445 3262 optimis
462 3197 621 3264 temporibus
639 3199 792 3266 scriptarum
811 3197 973 3250 auctoritate.
1069 3197 1244 3267 latrunculis]
1264 3203 1305 3256 ed.
1316 3205 1390 3256 Paris.

267 3265 440 3317 latrunculus
458 3267 533 3319 codd.
613 3267 706 3325 albus,
724 3266 792 3331 albi,
810 3267 882 3332 albo]
902 3268 934 3320 cl.
949 3285 1007 3324 ann.
1021 3272 1054 3325 ad
1069 3269 1146 3335 Vlll,
1162 3275 1204 3323 63.
1289 3274 1391 3338 detecti]

267 3335 298 3389 F.
424 3337 608 3406 appellantur]
627 3356 669 3405 vg.
705 3337 876 3408 expellantur
893 3339 968 3391 codd.
1091 3341 1266 3409 detectorum]
1285 3346 1332 3398 Fa.
1366 3344 1391 3394 de

268 3416 400 3459 rectarum
417 3409 478 3462 GH.
514 3409 557 3460 Ex
571 3408 620 3461 boc
638 3426 725 3462 errore
743 3418 804 3462 nata
819 3416 859 3463 331
875 3413 1002 3479 scriptura
1016 3429 1118 3482 genere,
1136 3422 1256 3479 quaeest
1275 3418 1301 3468 in
1317 3418 1390 3468 omni·

269 3480 318 3530 bos
337 3480 412 3533 codd.
449 3480 608 3530 directorum
624 3499 723 3550 genera
740 3497 782 3548 vg.
879 3482 985 3552 farma]
1000 3499 1042 3548 vg.
1073 3481 1194 3552 formam
1211 3487 1257 3539 aa.
1288 3488 1390 3560 formas

271 3549 332 3604 GH.
368 3551 470 3620 Nempe
488 3551 676 3619 coniungebant
694 3553 791 3604 librarii
809 3549 872 3604 11333
890 3569 948 3605 curn
967 3555 1140 3621 sequentibus.
1255 3569 1258 3576 ’

382 3639 436 3706 23.
460 3658 661 3728 nominativum]
679 3659 872 3712 nominativum
890 3659 965 3714 codd.

384 3738 440 3788 Hic
524 3779 531 3794 .
549 3739 704 3809 exemplari]
722 3739 769 3792 Fu.
794 3748 821 3793 et
837 3741 977 3794 Vaticanus
1000 3759 1027 3794 u.
1071 3743 1196 3797 Similiter
1216 3746 1389 3799 Ambrosianus

271 3803 364 3858 codex.
393 3811 442 3864 „In
464 3811 609 3880 exemplari
628 3812 673 3862 bic
694 3821 772 3864 erant
796 3821 851 3863 tres
875 3822 949 3863 curte
974 3830 1026 3862 non
1050 3814 1147 3882 scripta
1168 3817 1322 3871 Mutinensis
1340 3817 1387 3870 cod.

272 3876 331 3928 Non
349 3877 468 3932 dissentit
483 3882 518 3933 H.
554 3883 584 3934 13
601 3884 635 3936 G.
659 3885 769 3952 spatium
787 3899 907 3936 versuum
925 3883 1034 3935 duorum
1054 3890 1082 3936 31
1099 3885 1197 3940 dimidii
1215 3891 1330 3944 relictum
1348 3895 1387 3941 est.

271 3947 312 3998 De
330 3949 406 4002 rebus
425 3968 457 4004 33
475 3954 542 4030 laco,
560 3955 603 4019 qui
622 3955 731 4020 excidit,
750 3955 886 4023 explicatis
907 3971 931 4007 v.
951 3957 1138 4020 Argumentum
1155 3960 1223 4015 libri.

386 4044 438 4112 24.
466 4057 570 4130 scopu]
589 4059 623 4112 et.
641 4059 718 4125 vm,
734 4067 760 4114 r.
843 4061 911 4128 ..13]
930 4063 960 4116 r.
995 4064 1077 4115 atara
1093 4065 1128 4117 11.
1152 4066 1216 4116 aaa
1229 4069 1262 4120 3,
1296 4065 1352 4115 aaa
1369 4081 1387 4114 a.

273 4126 360 4198 bigae]
378 4133 411 4186 ci.
431 4131 483 4196 lx,
502 4137 545 4184 63.
581 4129 622 4195 X,
639 4134 682 4182 ot.
823 4142 855 4182 ut
874 4133 986 4199 dieitur]
1004 4136 1162 4188 Vertranius.
1199 4147 1231 4188 ut
1250 4137 1346 4187 dicitnr
1362 4143 1387 4183 nt

273 4201 348 4253 codd.
385 4203 464 4254 Prius
481 4213 510 4252 ut
531 4201 602 4254 delet
619 4202 769 4269 Scioppius:
788 4204 834 4255 sed
852 4208 981 4272 posterius
1000 4205 1100 4260 facilius
1115 4209 1235 4262 excidere
1253 4215 1356 4278 poterat.
1414 4221 1415 4293 ]

382 4299 434 4362 25.
456 4316 513 4366 suit
532 4316 607 4366 mado
625 4316 720 4382 suit†]
738 4319 813 4370 codd.
832 4320 967 4372 lectionem
987 4323 1094 4388 reddidi,
1113 4323 1182 4390 dnm,
1200 4325 1258 4392 qnid
1276 4323 1324 4374 boc
1339 4325 1388 4372 luco
