2864 4814
421 292 459 392 §-
492 283 567 376 133¹
588 333 637 347 —-
663 307 750 377 138·
1094 295 1148 368 oa

30 485 126 556 bura
158 507 179 552 a
210 477 348 572 bubus3
390 476 448 568 alii
475 476 544 550 hoc
569 505 589 550 a
616 505 724 554 curvo
763 507 920 553 arvom
957 481 1143 578 appellant.

31 585 95 658 Sub
127 586 211 682 iugo
244 579 357 653 medio
395 603 543 672 cavum,
586 582 681 677 quod
717 580 805 653 bura
840 594 993 654 extrema
1030 583 1147 655 addita

31 686 200 784 oppiletur,
231 684 376 756 uocatur
405 707 511 754 cous
536 709 556 752 a
583 683 699 755 cavo*.
753 685 909 783 Iugum
933 696 967 756 et
990 687 1206 776 iumen-gn

30 801 103 860 tum
127 787 170 870 ab
197 787 332 857 iunetu.
505 781 596 856 156.
636 787 816 882 Irpices
845 785 965 889 regula
991 786 1147 883 complu·

30 888 112 960 ribus
139 886 321 976 dentibus,
356 909 460 982 quam
486 885 568 958 item
593 897 632 959 ut
653 886 847 983 plaustrum
873 886 981 960 hoves
1006 888 1150 960 trahunt

31 1001 62 1062 ut
83 1000 204 1062 eruant
229 1012 318 1085 quae
343 987 381 1057 in
404 997 496 1058 terra
522 1000 687 1086 serpunt3
726 989 891 1084 sirpices,
920 999 1037 1084 postca
1064 991 1147 1087 irpi-

31 1091 90 1164 ees*
115 1091 143 1164 S
170 1091 294 1162 detrito
319 1113 340 1159 a
365 1087 574 1184 quibusdam
598 1090 695 1161 dicti.
749 1089 971 1181 Rastelli‚
999 1102 1039 1161 ut
1065 1093 1148 1188 irpi-

30 1219 96 1286 ces,
123 1218 239 1265 serrae
261 1190 378 1284 leves3
414 1191 461 1259 ita
488 1194 548 1285 qui
568 1190 673 1264 homo
693 1192 874 1287 inpiatis,
903 1216 966 1286 per
985 1189 1150 1264 feniseota

30 1294 158 1387 eundo*‚
194 1294 344 1366 festucas
376 1290 546 1384 corrodit,
588 1318 659 1391 quo
691 1291 736 1362 ab
770 1315 851 1362 rasu
884 1289 1014 1362 rastelli
1050 1293 1146 1365 dicti.

29 1397 199 1488 lustri,
234 1391 361 1491 quibus
388 1392 536 1464 dentatis
561 1395 701 1491 penitus
728 1393 874 1465 eradunt
896 1405 1023 1465 terram
1048 1404 1152 1489 atque

30 1509 161 1590 eruunt,
192 1523 213 1568 a
239 1521 309 1592 quo
334 1504 417 1566 rutu
439 1496 541 1566 rastri
562 1495 658 1567 dicti.
751 1533 764 1560 ι
830 1491 922 1565 157.
964 1493 1215 1587 Falcesffl

30 1599 151 1671 nferre
172 1598 273 1670 litera
295 1607 526 1691 commutata3
567 1595 655 1668 haec
684 1598 721 1666 in
745 1594 936 1692 Campania
970 1595 1154 1669 seculae

31 1699 230 1772 asecando.
300 1695 340 1768 Α
363 1697 510 1794 quadam
545 1696 769 1769 similitudine
800 1697 922 1770 harum
950 1697 1055 1792 aliae,
1093 1710 1150 1790 ut,

32 1803 110 1898 quod
146 1809 304 1897 apertum
329 1798 441 1891 unde,
480 1797 588 1871 falces
623 1799 826 1871 senariae
859 1812 895 1871 et
925 1799 1150 1894 arborius,
1187 1831 1194 1850 ·

32 1913 73 1994 et,
97 1902 195 2002 quod
220 1927 289 1973 non
313 1910 470 1998 apertum
495 1901 607 1992 unde,
635 1899 742 1972 falces
768 1901 989 1974 lumariae
1015 1913 1051 1974 et
1075 1905 1152 1974 sir·

31 2004 215 2098 piculae.
277 2002 524 2075 Lumariae
551 2013 638 2074 'sunt
673 1999 800 2098 quibus
834 2015 955 2075 secant
987 2002 1151 2096 lumenta,

32 2105 59 2176 id
86 2117 137 2178 est
169 2130 274 2203 quom
307 2106 343 2174 in
376 2106 470 2202 agris
503 2105 823 2200 serpuntspinae,
861 2130 948 2200 quas
982 2105 1077 2203 quod
1109 2105 1153 2176 ab

32 2217 108 2279 terra
133 2204 307 2306 agricolae
333 2205 472 2278 solvunt
493 2205 600 2277 idest
624 2204 743 2296 luunt,
770 2207 973 2278 lumecta.
1027 2207 1154 2279 Falces

33 2308 275 2407 sirpiculae
307 2317 448 2379 vocatae
481 2305 525 2378 ab
559 2305 723 2404 sirpando
748 2306 784 2377 id
810 2317 864 2378 est
893 2306 937 2377 ab
963 2308 1151 2406 alligando.

32 2408 82 2480 Sic
105 2413 283 2508 sirpata
309 2408 429 2480 dolia
455 2431 600 2504 quassa,
638 2429 743 2503 quom
770 2409 909 2504 alligata
935 2408 1012 2499 his,
1047 2407 1216 2480 dicta.1.49
1290 2413 1299 2432 '

32 2508 175 2584 Utuntur
208 2513 245 2582 in
271 2512 370 2580 vinea
404 2508 578 2609 alligando
604 2507 738 2599 lasem,
780 2511 908 2580 incisos
938 2509 1068 2601 fustes,
1104 2509 1156 2580 fa·
1169 2522 1232 2588 (34)

35 2613 129 2685 aulas.
185 2613 264 2685 Has
287 2609 467 2684 zanclas
493 2609 742 2685 Chersonesioc
766 2609 898 2684 dicunt.
1060 2608 1153 2684 158.

36 2833 61 2869 tx
74 2823 160 2874 eodem
179 2823 251 2887 liguo
270 2821 397 2874 dolantur.
477 2821 581 2886 urvom]
600 2822 700 2887 scripsi.
737 2838 849 2871 curvum
867 2819 958 2890 codd.⁴
980 2839 1078 2870 urvum
1097 2824 1155 2887 qui-

34 2889 81 2942 dam
97 2893 164 2962 apud
182 2893 346 2956 Turnebum‚
364 2893 474 2945 Salmas.
488 2892 519 2944 ad
535 2894 616 2944 Solin.
635 2911 661 2960 p.
671 2896 731 2945 576.
744 2891 842 2958 (820.)ι
934 2890 1008 2956 eous]
1018 2893 1047 2943 F.
1081 2910 1156 2942 coum

36 2961 84 3016 (ill.
113 2971 162 3014 eod
179 2981 203 3015 a.
237 2983 318 3014 conus
331 2965 356 3015 b.
445 2962 535 3030 εανοἿ
550 2981 591 3029 vg.
629 2980 691 3013 covo
706 2963 791 3014 FGH.
828 2980 891 3012 cono
909 2963 954 3012 ab·
988 2967 1028 3012 An
1047 2961 1157 3014 fumasse

36 3031 87 3083 otoo
103 3035 281 3100 scribendum,
299 3037 358 3087 coll.
377 3037 401 3100 ς.
415 3039 458 3086 19.
573 3031 690 3100 ab]GH.
727 3040 753 3082 α’
773 3051 796 3085 a.
833 3051 850 3082 a
869 3038 932 3085 cett.

95 3166 112 3189 a
134 3130 206 3196 136.
225 3143 347 3212 serpunt]
362 3141 507 3194 Turnebus.
543 3149 637 3192 seruat
655 3141 730 3194 codd.
845 3139 963 3207 irpices']
981 3143 1048 3192 coni.
1063 3141 1157 3194 addidi.

37 3214 151 3276 suurn.
171 3217 230 3272 cod.
268 3233 336 3283 quae
354 3215 385 3266 F.
421 3222 462 3263 est
480 3213 557 3264 GHa.
586 3213 677 3268 om.b.
807 3211 865 3280 qm]
884 3213 951 3265 coni.
970 3213 1158 3265 iustrumentali

38 3300 107 3340 seusu.
130 3290 163 3342 ef.
183 3289 217 3340 ad
235 3289 259 3352 §.
269 3280 313 3338 21.
351 3303 405 3356 qua
428 3284 503 3336 codd.
521 3283 606 3352 -quia
624 3284 690 3336 coni.
711 3281 861 3334 Veniamus
879 3289 906 3334 et
923 3284 1014 3351 probat
1032 3286 1158 3351 Spengel.

33 3354 164 3426 senisecta]
172 3361 220 3413 Fa.
251 3357 405 3430 foeniaecta
415 3357 476 3408 GH.
509 3353 588 3420 ,foeni
602 3364 691 3405 sectus
705 3354 730 3406 b.
753 3349 940 3421 feniseciaug.
1045 3353 1157 3420 cunas]

37 3429 91 3480 coni.
124 3449 153 3482 eo
171 3430 248 3486 codd.
346 3427 476 3494 dentatis]
492 3425 636 3478 Turnebus.
672 3424 790 3480 dentalis
804 3424 878 3476 codd.
976 3435 1042 3476 ruru
1061 3425 1158 3490 rastri]

39 3497 148 3568 Scaliger.
175 3499 329 3566 retrabarri
337 3501 371 3552 G.
396 3495 550 3549 ratarbatri
563 3503 624 3550 cett.
639 3498 689 3549 uisi
703 3496 772 3562 quod
784 3495 861 3548 lectio
875 3497 900 3548 b.
917 3511 967 3548 nou
980 3497 1043 3547 satis
1059 3502 1157 3564 aperta.

136 3599 207 3665 137.
233 3611 311 3676 haec]
320 3609 351 3660 F.
388 3608 438 3657 hae
455 3613 517 3660 cett.
542 3624 566 3657 v.
584 3623 643 3658 ann.
661 3605 694 3658 ad
713 3607 737 3668 ς.
754 3609 797 3656 98.
982 3599 1158 3668 arborium.

40 3680 149 3736 arboreae
168 3686 246 3738 GHa.
272 3685 299 3734 iu
317 3681 342 3732 b.
362 3679 426 3732 haec
443 3681 543 3732 desunt.
715 3675 802 3724 idest
822 3671 911 3743 quom]
925 3689 947 3723 a.
988 3671 1033 3721 ida
1051 3690 1110 3722 cunr
1128 3673 1158 3725 F.

40 3749 112 3804 idest
129 3777 189 3808 cum
207 3755 269 3810 GH.
307 3771 352 3802 ιε·
379 3751 405 3804 b.
525 3745 560 3798 ab
578 3746 664 3812 terra]
679 3746 754 3798 codd.
780 3750 883 3812 praeter
897 3745 931 3795 G.
946 3745 989 3809 qui
1003 3761 1029 3794 a.
1049 3743 1081 3796 cl.
1100 3761 1159 3796 ann.

40 3824 65 3872 ad
80 3829 154 3889 §.3st
284 3823 315 3873 id
330 3831 370 3874 est
391 3819 425 3872 ab
442 3817 592 3892 alligando]
611 3834 663 3870 om.
682 3818 707 3868 b.
726 3817 804 3882 idque
822 3808 915 3882 probat
933 3817 1057 3882 Spengel.
1095 3815 1160 3866 Mihi

40 3909 91 3948 caua
113 3899 177 3952 haec
200 3898 326 3952 videntur.
511 3890 629 3959 sirpata]
647 3905 690 3954 vg.
734 3887 831 3954 sirpita
849 3886 925 3938 codd.
951 3895 1053 3953 praeter
1071 3887 1097 3940 b.
1116 3890 1160 3952 qui

40 3966 111 4027 spica.
294 3970 358 4017 lias
380 4001 388 4018 .
412 3998 421 4016 .
443 3999 452 4016 .
477 3961 580 4028 dicunt]
606 3977 657 4012 om.
676 3960 701 4012 b.
752 3958 904 4010 Adulterina
927 3959 1058 4016 existimat
1083 3959 1160 4012 etiam

40 4033 171 4095 Turnebus.
345 4034 466 4100 zanclas]
482 4027 615 4101 placandas
633 4031 706 4084 For.
743 4027 857 4098 fonclas
874 4029 909 4080 H.
946 4027 1075 4079 zanculas
1094 4031 1160 4082 coni.

42 4106 155 4177 Scaliger.
191 4111 283 4177 Neque
301 4107 362 4170 muri
381 4106 485 4159 dubium
503 4105 561 4169 suit,
578 4105 722 4157 Varronem
740 4101 812 4167 loqui
830 4101 863 4152 de
881 4115 945 4151 voce
960 4101 1058 4164 Sicula,
1076 4117 1092 4152 a
1110 4117 1161 4166 qua

42 4177 132 4247 Zancle,
149 4193 210 4250 post
227 4183 364 4244 Messana,
383 4176 610 4242 concitassent,
630 4169 726 4242 ζὰγκλη
745 4190 765 4224 s.
779 4167 896 4235 ζάχκλον.
933 4171 1008 4222 Hauc
1026 4173 1092 4225 enim
1111 4173 1162 4224 fal-

43 4263 89 4302 cem
106 4255 259 4319 vinitorum,
276 4251 422 4320 sirpiculam
439 4250 523 4311 illam,
540 4249 700 4313 significare,
717 4243 870 4310 intelligitur
889 4258 923 4294 ex
940 4241 1070 4295 Nicandro
1086 4245 1160 4295 Alex.

42 4333 61 4370 v.
78 4325 133 4377 180.
299 4321 491 4386 chersonesos]
510 4319 608 4385 scripsi.
646 4315 839 4366 Chermonesioe
856 4315 902 4366 Fa.
948 4313 1110 4366 Chermosioe
1128 4315 1161 4364 G.

44 4390 227 4450 thermonesiar
243 4395 278 4450 H.
321 4395 373 4452 Qui
391 4401 475 4448 tamen
494 4389 519 4444 hi
538 4388 701 4444 Chersonesii
720 4388 786 4454 sint,
811 4386 923 4443 nondum
942 4386 1030 4452 liquet.
