2890 4820
362 299 365 304 '
475 309 725 356 neironis.
1057 303 1175 358 Xlttllt

419 411 424 432 l

42 491 105 536 rum
133 468 317 559 specimine
336 469 381 549 l.,
419 465 505 572 qued
534 466 661 556 scripsit
689 466 816 538 Monaci
845 491 873 536 a.
896 467 1175 554 MDOCOXXX..

43 556 156 622 naviter
177 577 214 622 se
234 555 266 620 iu
289 578 329 621 eo
357 554 461 622 stadie
484 552 658 622 decurrere
682 567 907 625 monstrasset:
942 557 1012 644 ipse
1035 558 1175 628 sortasse

42 641 70 706 in
95 641 158 706 bec
187 640 378 707 curriculum
406 661 470 706 nen
500 639 757 721 descendissem,
789 639 849 707 nisi
877 639 961 708 illum
990 666 1075 710 nune
1105 645 1172 714 aliis

44 727 122 792 euris
155 725 331 792 districtum
363 749 454 806 esse,
502 749 541 792 ex
570 727 579 792 i
604 726 669 793 sius
704 747 762 790 ore
799 727 1006 814 accepissem.
1069 729 1178 798 Etiam

43 811 234 878 Guilelmi
256 811 399 898 Papii,
428 811 481 898 qui
502 811 564 878 Lin
589 831 725 878 emanue
747 810 779 876 iu
800 811 863 878 hac
884 813 1176 882 Grammaticorum

43 919 169 984 eperum
194 910 287 984 parte
306 895 499 974 absolvenda
519 920 555 964 se
573 903 658 964 nunc
676 895 799 962 socium
816 895 976 981 adiunxit,
1000 900 1175 968 Lectiones

44 984 255 1048 varronianae
286 977 425 1048 Berolini
459 979 733 1050 Muoccxxlx
778 980 883 1048 editae
917 985 1075 1072 quaedam
1109 986 1177 1056 sani

43 1066 143 1133 iudicii
162 1067 307 1156 exempla
322 1068 493 1135 continent.
538 1068 641 1142 Quem
658 1064 797 1133 libellum
814 1084 886 1132 oum
902 1071 1027 1158 abipso
1044 1083 1179 1140 auctore

43 1154 254 1221 transmissum
273 1154 340 1220 aeci
366 1175 464 1230 erem,
489 1155 631 1240 comperi
649 1149 758 1229 simul,
783 1172 835 1214 me
855 1152 1002 1220 offecisse
1021 1157 1178 1243 quodam-

43 1239 133 1305 modo
152 1240 250 1328 ipsios
273 1177 467 1315 morldstiae,
497 1239 616 1326 quippe
644 1237 697 1324 qui
726 1234 882 1302 maiorum
910 1251 1062 1340 appetens
1089 1240 1177 1307 rudi-

43 1338 144 1393 menta
182 1326 233 1392 illa
272 1325 371 1392 latere
404 1343 509 1409 neque
539 1321 669 1390 multam
701 1341 812 1386 eorum
842 1334 1032 1391 mentronem
1064 1326 1175 1394 haberi

43 1410 188 1478 voluerat.
825 1451 828 1456 ·

149 1529 231 1596 Mihi
251 1528 345 1596 Musa
366 1525 518 1594 Varronis
542 1525 710 1594 subrisisse
731 1526 868 1617 primunr
891 1525 1074 1610 ridebatur,
1106 1553 1180 1601 cem

42 1615 120 1683 inter
150 1616 259 1683 studia
288 1615 410 1680 Rerum
441 1613 669 1692 Etruscarum,
706 1635 790 1700 quae
819 1617 999 1700 Argeorum
1028 1637 1180 1684 recensus

42 1702 180 1788 genuina
210 1701 313 1766 leuna
340 1699 435 1765 luerit
462 1695 591 1786 etquid
615 1699 715 1762 Varro
741 1699 784 1764 de
806 1700 894 1766 Tatii
922 1701 984 1767 aris
1006 1699 1121 1770 dixerit
1146 1716 1181 1770 et

43 1786 152 1851 similia
174 1784 332 1872 quaedam
354 1782 531 1870 intelligere
553 1783 745 1870 coepissem:
775 1805 815 1849 ex
836 1807 901 1872 que
921 1785 1085 1866 tirocinio,
1108 1789 1180 1854 Ro-

43 1893 208 1936 manarum
231 1890 336 1934 rerum
360 1869 524 1936 seientiam
548 1869 691 1934 Varrone
718 1868 889 1937 studiosius
916 1871 1086 1940 emendato
1116 1897 1181 1940 non

43 1959 142 2022 minus
171 1955 285 2042 augeri
311 1977 406 2042 pesse
434 1976 529 2042 quam
553 1953 718 2040 incognito
743 1953 849 2020 adhuc
872 1956 986 2023 veteris
1016 1959 1179 2046 scriptoris

44 2041 117 2107 libro
142 2063 184 2107 ex
208 2040 411 2128 palimpsesto
433 2038 573 2128 quodam
596 2037 709 2105 codice
729 2051 842 2115 erute,
869 2042 1054 2110 coniectura
1075 2067 1181 2132 augu-

45 2129 142 2194 rabar.
208 2126 283 2200 Qua
303 2148 340 2190 re
369 2124 573 2201 commotior,
606 2124 763 2212 animique
791 2127 937 2207 saucius,
969 2128 1074 2194 donee
1102 2129 1180 2218 quid

45 2213 100 2279 bac
120 2210 246 2278 ratione
267 2209 351 2277 effici
374 2222 482 2301 posset
500 2209 738 2290 intellexissem,
764 2209 811 2276 bis
833 2223 945 2300 terque
964 2213 995 2277 in
1018 2215 1180 2283 assiduam

46 2297 153 2363 berum
180 2297 334 2362 librorum
355 2295 524 2364 lectionem
548 2316 599 2361 me
625 2294 882 2382 ingurgitabam,
912 2306 1010 2385 atque
1035 2301 1067 2364 in
1089 2300 1180 2369 lami-

47 2383 207 2450 liaritatem
231 2381 365 2446 hominis
391 2381 455 2447 mei
480 2382 525 2446 ita
547 2401 600 2446 me
625 2379 787 2447 insinuare
809 2382 966 2460 conabar,
999 2394 1036 2450 ut
1057 2386 1125 2452 eius
1146 2399 1180 2452 et
1304 2444 1306 2450 ,

12 2489 14 2500 ⁴
47 2467 74 2532 in
99 2466 266 2535 sentiendo
294 2477 326 2532 et
353 2464 546 2532 indicendo
572 2463 702 2552 propria
730 2464 856 2551 penitus
877 2465 1054 2533 addiscere·
1071 2470 1180 2537 stude-

48 2575 117 2621 rem.
169 2555 265 2619 Haec
290 2573 364 2640 pars
386 2551 563 2618 studiorum
586 2571 730 2616 meorum
753 2549 847 2616 unica
867 2562 934 2630 est,
964 2553 1017 2619 eui
1039 2553 1179 2643 aliqnan-

49 2649 107 2704 tum
129 2639 313 2706 tribuerim:
343 2659 447 2726 neque
469 2635 624 2715 diffiteor,
656 2659 709 2702 me
732 2647 865 2724 propter
890 2637 958 2704 eius
979 2641 1180 2725 gravitatem,

51 2746 113 2790 cum
133 2725 165 2790 in
194 2722 356 2790 sententiis
383 2745 441 2812 per
463 2722 629 2809 caliginem
651 2722 808 2788 obiectam
836 2726 1034 2813 aucupandis
1056 2726 1189 2794 defixus*

51 2832 159 2893 essem,
192 2809 370 2912 neglexisse
393 2808 549 2897 quaedam
579 2806 655 2885 alia,
684 2830 768 2895 quae
795 2831 815 2873 a
841 2831 893 2874 me
919 2814 1097 2899 exspectari
1122 2837 1182 2900 pe·
1212 2864 1214 2878 .

51 2898 138 2963 tuisse
166 2908 280 2963 sentre.
330 2893 414 2960 Nam
442 2917 481 2959 ex
509 2892 691 2960 criticorum
720 2893 886 2980 operibus,
918 2895 1001 2983 qnae
1029 2898 1181 2963 Varronis

53 2980 235 3048 emendandi
262 2977 402 3068 pericula
429 2979 516 3046 facta
544 2991 667 3058 essent,
701 3001 775 3044 curn
803 2979 973 3065 anquirere
995 2983 1183 3069 coepissem,

53 3077 171 3156 etpost
189 3065 352 3154 Spengelii
373 3088 507 3132 messem
529 3063 675 3151 stipulam
697 3062 918 3131 corraderem:
940 3087 1014 3132 mox
1035 3066 1185 3146 intellexi,

55 3153 281 3220 subsecivarum
304 3151 445 3218 inearum
464 3151 614 3217 horarum
633 3151 769 3236 spatium
788 3149 1013 3218 infructuosius
1034 3153 1183 3220 collocari

55 3257 108 3304 uon
135 3261 251 3326 pesse,
290 3248 386 3325 atque
415 3259 478 3302 uno
505 3235 558 3302 die
584 3235 616 3300 in
644 3233 822 3302 lectitandis
852 3245 885 3301 et
912 3238 1106 3324 pensitandis
1135 3240 1183 3304 bis

54 3321 120 3410 ipsis
147 3323 234 3390 libris
261 3334 425 3390 transacto·
451 3343 503 3388 me
530 3320 629 3388 multo
656 3318 726 3408 plus
754 3321 930 3408 proficere,
960 3346 1056 3413 quam
1079 3325 1181 3390 tribus

55 3405 148 3476 inille
170 3407 304 3498 negotio
329 3407 531 3496 consumptis.
958 3428 960 3434 ’

157 3537 267 3624 Etiam
295 3547 514 3638 antiquitatum
531 3547 758 3619 ¹Romanarum
788 3543 893 3612 denuo
921 3545 1184 3634 pervestiganda-

58 3655 119 3705 rum
148 3641 216 3708 aliis
245 3638 348 3727 magis
382 3635 508 3723 copiam
535 3635 661 3711 facere,
702 3653 797 3720 quam
826 3632 895 3718 ipse
925 3653 1186 3716 rerumrerum,

58 3743 132 3807 quae
150 3749 191 3793 ex
208 3727 354 3795 Varrone
373 3719 590 3788 emendatiore
608 3716 777 3805 diligenter
799 3738 872 3782 eum
892 3713 958 3785 aliis
978 3717 1186 3806 scriptoribus

61 3808 162 3878 collato
176 3833 261 3878 nune
279 3809 389 3878 melius
401 3806 537 3894 perspici
556 3815 717 3894 poterunt,
740 3801 879 3869 fructum
894 3803 1077 3892 praeripere
1094 3805 1187 3872 volui.

60 3892 207 3977 Omnino,
247 3897 279 3964 in
308 3891 488 3964 annotando
520 3891 665 3980 parcior,
705 3897 829 3978 tantum
855 3910 911 3954 ees
940 3889 1094 3967 lectores,
1130 3893 1188 3979 qui

59 3974 126 4064 ipsi,
165 3981 242 4071 quid
272 3978 375 4047 Varro
408 3977 615 4064 cogitaverit,
653 3971 826 4058 cogitando
856 3976 982 4078 assequi
1000 3975 1187 4056 studerent,

26 4079 27 4088 ¹
61 4073 210 4152 tanquam⁴
227 4091 289 4135 usu
319 4063 413 4156 paule
444 4062 647 4130 exercitatior
676 4057 823 4145 quidam,
865 4058 918 4126 bie
945 4059 1007 4126 rllic
1036 4061 1187 4128 adiuvare

62 4149 202 4221 volebam.
253 4155 277 4220 S
301 4175 356 4218 ero
381 4161 500 4218 umen*
513 4149 600 4222 sere,
632 4156 668 4213 ut
689 4144 743 4231 qui
763 4144 796 4217 lu
817 4143 915 4212 Urbis
938 4146 1031 4214 situm
1054 4156 1086 4213 et
1106 4145 1187 4229 boa,

27 4241 28 4278 r
62 4246 194 4305 vetustae
232 4177 343 4307 Italiae
381 4234 639 4323 superstitiones,
682 4230 837 4298 festorum
876 4229 999 4298 dierum
1037 4232 1188 4315 rationes,

28 4351 29 4396 3
62 4315 268 4394 Romanorum
290 4346 342 4390 res
365 4321 508 4409 publicas
533 4332 565 4387 et
588 4314 790 4405 prudentiam
817 4314 955 4397 civilem,
984 4318 1188 4404 antiquorum

29 4445 31 4496 q
64 4411 216 4487 petitarum
246 4409 385 4496 scripta,
422 4406 551 4492 linguae
580 4399 719 4488 denique
748 4400 886 4471 Latinae
918 4423 1124 4490 progressum
1154 4414 1190 4469 et

29 4507 30 4510 ,
840 4517 900 4551 *a*
