2890 4820
428 251 434 257 ’
490 251 748 326 ¹runrrouus.
1145 279 1182 330 xl

57 437 162 518 video,
180 431 234 504 ¹ad
256 437 294 504 ea
339 437 471 518 antiret,
498 461 581 528 quae
600 435 855 525 adsigniflcont
878 449 1028 526 tempus,
1055 441 1120 509 sire
1141 443 1184 512 ad

55 525 236 612 temporalia
262 463 375 606 verla,
404 523 513 591 idest
540 523 582 592 ad
602 523 679 598 Vll,
697 525 740 590 80
758 547 826 612 sqq.
884 523 951 588 lam
980 525 1006 590 si
1035 546 1089 592 eas
1117 549 1182 610 res,

55 632 130 696 quas
151 608 246 676 modo
269 609 350 690 dixi,
376 610 555 690 sustuleris,
584 608 714 675 habebis
731 609 764 674 iu
783 632 823 674 ea
843 619 934 697 parte
952 607 1021 676 libri
1038 610 1181 680 relictum

54 693 157 760 locum
193 694 233 761 de
270 695 446 763 nominihus
482 695 664 762 militaribus
701 693 957 782 (perduellibus,
999 695 1182 782 latronibus,

55 779 327 866 congerrouibus,
369 780 581 870 adscriptivis,
621 779 812 859 ferentariis,
849 777 997 862 rorariis)
1034 785 1183 852 continuo

55 865 166 930 ordine
189 865 408 932 decurrentem
431 888 566 954 eumque
590 863 725 951 egregie
744 865 978 932 convenientem
996 867 1093 951 quinti
1115 868 1184 934 libri

55 951 269 1034 argumentis,
302 951 348 1017 sic
376 963 411 1016 ut
438 952 518 1018 inter
547 971 583 1018 se
611 947 805 1014 conterenda
830 951 891 1017 sint
913 950 951 1030 V,
971 951 1125 1019 87...91
1151 965 1185 1021 et

53 1035 130 1116 Vll,
152 1036 204 1102 49.
222 1039 274 1102 52.
287 1036 441 1102 55...58.
484 1036 570 1100 Hinc
590 1034 621 1098 in
643 1043 831 1119 argumento
852 1033 1048 1120 disponendo
1069 1037 1184 1105 multos

53 1118 143 1186 huius
183 1121 252 1186 libri
286 1119 374 1186 locos
412 1119 499 1185 nucis
536 1117 761 1183 circumductis
799 1117 903 1183 notavi
940 1123 1089 1205 tanquam
1125 1145 1183 1190 suo

54 1205 167 1270 ordine
191 1205 330 1272 nondum
356 1206 486 1293 positos.
537 1203 725 1290 Quanquam
748 1201 818 1287 ipse
840 1200 922 1268 ultro
946 1205 1113 1287 confiteor,
1144 1232 1185 1275 ne

53 1292 135 1356 forte
153 1291 215 1357 hoc
233 1288 413 1377 disputandi
430 1309 533 1375 genus
551 1287 582 1352 iu
599 1287 721 1351 anxiam
736 1298 769 1351 et
782 1286 945 1352 molestam
967 1293 1186 1376 μικρολογίαν

43 1375 249 1461 degeneret,
287 1397 349 1441 non
382 1373 471 1440 nimis
505 1369 709 1438 cavillandum
739 1387 832 1450 esse,
865 1371 891 1438 si
920 1371 1056 1458 scriptor
1085 1375 1115 1438 in
1147 1399 1186 1442 eu

51 1463 186 1527 materia
216 1460 309 1527 etiam
339 1459 484 1525 tenuiore
511 1451 647 1544 quadem
675 1454 881 1527 similitudinis
912 1456 1020 1542 specie
1048 1479 1084 1522 se
1111 1458 1186 1526 duci

50 1546 182 1633 patitur,
204 1557 300 1633 atque
313 1543 409 1609 licere
423 1543 580 1609 interdum
598 1543 631 1607 in
649 1541 711 1608 hoc
729 1539 903 1608 disserendi
947 1563 1042 1607 enare
1056 1543 1185 1612 incertis

51 1633 202 1718 passibus
224 1650 450 1717 securumque,
479 1650 541 1716 quo
564 1626 663 1716 pedes
686 1627 805 1703 serant,
834 1627 898 1693 buc
918 1563 991 1692 illuc
1012 1628 1131 1715 vagari.

168 1741 338 1806 Postremo
353 1738 394 1805 ad
412 1741 613 1821 sententiam,
637 1761 730 1826 quam
746 1738 914 1827 proposui,
936 1741 1186 1810 confirmandam

50 1825 117 1892 boc
142 1848 271 1912 quoque
292 1824 601 1892 animadvertendum
621 1837 688 1905 est,
716 1824 903 1911 scriptorem
934 1836 1076 1894 extruno
1105 1827 1185 1894 libro

51 1910 207 1997 septimo,
244 1925 408 1997 postquam
438 1911 534 1998 opud
559 1911 680 1997 poetae
711 1907 809 1976 multa
837 1909 957 1995 reliqua
986 1934 1058 1978 esse
1088 1915 1186 1980 verba

18 2070 19 2074 η
52 1995 150 2074 dixit,
188 2016 321 2082 quorum
351 1996 490 2082 origines
519 2019 536 2062 a
563 1994 711 2060 eriendae
739 2005 862 2074 essent,
900 1996 1054 2064 vocabula
1088 1995 1186 2086 expli-

53 2079 157 2160 canda
196 2092 305 2165 petere
340 2104 379 2146 eu
416 2081 507 2146 unius
577 2079 654 2146 aerii
687 2080 842 2166 poematis
880 2081 1079 2168 maximeque
1118 2083 1185 2148 eius

55 2161 246 2246 comoediis,
275 2189 353 2252 quas
379 2164 410 2231 in
437 2166 616 2232 annotando
644 2163 855 2233 demonstravi
879 2165 1054 2232 secundum
1079 2165 1184 2234 literas

55 2249 223 2336 dispositas
252 2273 331 2316 esse.
382 2249 515 2318 Videtur
536 2252 635 2338 igitur
656 2250 757 2314 Varro
779 2249 890 2316 Naevii
912 2249 1090 2316 fabularum
1113 2275 1184 2318 cor-

54 2357 130 2421 pus,
166 2357 245 2422 quas
274 2333 407 2422 proinde
431 2360 470 2402 ac
494 2334 598 2401 Plauti
627 2333 746 2398 fabulas
776 2333 965 2420 conquisitas
989 2348 1021 2400 et
1054 2359 1183 2424 compo-

55 2421 130 2486 sitas
159 2422 191 2486 in
220 2420 340 2487 scriniis
368 2419 521 2498 habebat,
559 2419 812 2507 percucurrisse,
844 2429 876 2483 et
901 2419 1065 2504 quaesibi
1091 2420 1122 2483 in
1146 2421 1182 2486 iis

56 2527 132 2592 prae
154 2505 289 2572 caeteris
309 2499 481 2592 ylocsoidq
502 2528 572 2570 esse
591 2502 782 2583 viderentur,
802 2503 833 2568 in
850 2501 974 2568 chartas
995 2504 1181 2572 coniecisse:

58 2613 118 2675 qua
147 2589 180 2656 in
211 2590 345 2658 lectione
374 2590 468 2656 etiam
494 2589 545 2656 illa
574 2588 709 2654 arbitror
736 2611 755 2654 a
785 2589 927 2655 Varrone
953 2589 1119 2655 observata
1150 2601 1183 2656 et

59 2675 273 2762 superioribus
307 2674 431 2742 adiecta
464 2699 552 2752 esse,
598 2697 680 2761 quae
709 2695 803 2762 supra
832 2673 911 2752 Vll,
937 2675 981 2740 60
1009 2685 1042 2740 et
1068 2677 1120 2740 54.
1149 2686 1185 2743 ut

57 2759 258 2828 incommode
291 2761 374 2826 illata
406 2761 590 2827 notavimus.
650 2759 743 2834 Quae
777 2781 849 2824 cum
880 2758 926 2824 sic
959 2781 995 2824 se
1027 2759 1182 2828 habeant:

59 2846 138 2912 nulla
169 2859 301 2948 apparet
328 2867 441 2927 causa,
469 2869 526 2912 cur
554 2844 653 2912 solum
677 2843 830 2910 Naevium
858 2842 921 2908 boc
943 2843 1184 2930 explicatiouum

60 2953 180 3016 genere
211 2931 424 3007 illustraverit,
466 2942 498 2997 et
524 2930 629 2998 licebit
664 2931 834 3016 augurari,
870 2928 1055 3014 scriptorem
1089 2930 1185 2994 etiam

61 3038 95 3080 ex
123 3016 220 3082 Ennii
248 3027 281 3082 et
307 3016 411 3083 Plauti
441 3027 475 3086 et
499 3016 611 3082 Lucilii
641 3015 795 3102 podmatis
828 3012 957 3078 similem
985 3013 1184 3098 glossemati-

63 3123 171 3166 oorum
203 3104 368 3168 verborum
401 3101 542 3190 syllogen
571 3101 804 3188 propositurum
834 3098 947 3163 fuisse:
984 3097 1043 3164 uisi
1074 3120 1209 3185 super·-

62 3188 196 3252 renisset
220 3199 342 3272 tempus
365 3186 457 3272 illud,
486 3209 549 3272 quo
574 3186 735 3251 ulteriores
758 3205 866 3250 ornnes
890 3204 1003 3262 curae,
1032 3206 1115 3271 quae
1135 3183 1203 3250 his·

62 3268 145 3338 libris
167 3272 397 3359 impendendae
419 3283 527 3350 erant,
559 3269 695 3337 fatorum
715 3270 789 3356 lege
810 3271 1086 3356 abrumpebantur.

173 3384 267 3448 Haec
293 3383 390 3448 habui
417 3394 623 3468 argumenta,
659 3381 770 3467 quibus
801 3381 898 3446 fidem
926 3379 1066 3447 facerem
1093 3400 1185 3445 meae

64 3469 251 3548 sententiae,
287 3469 439 3536 Varronis
468 3467 509 3532 de
536 3467 575 3533 L.
596 3468 635 3533 L.
662 3467 775 3547 libros,
813 3488 991 3553 quanquam
1019 3465 1061 3530 ad
1089 3465 1185 3532 finem

64 3574 161 3640 usque
193 3553 405 3656 perscriptos,
450 3552 589 3618 nondum
624 3563 729 3619 tamen
766 3548 880 3616 ultimis
915 3551 997 3615 curis
1032 3548 1185 3636 expolitos

63 3639 178 3715 fuisse,
217 3650 290 3704 oum
319 3640 438 3718 nscio,
476 3649 513 3706 ut
545 3651 639 3725 puto,
677 3649 711 3704 et
736 3636 831 3701 invito
862 3645 993 3700 auctore
1021 3633 1054 3700 iu
1081 3634 1185 3700 lucem
1294 3687 1297 3694 .

63 3723 227 3872 protrahar
268 3736 329 3790 tur.
400 3725 506 3792 Etiam
539 3725 585 3789 sio
619 3735 724 3790 tamen
759 3721 790 3786 hi
821 3731 971 3807 quattuor
1006 3731 1038 3786 et
1076 3719 1185 3806 viginti

92 3809 211 3874 arronis
256 3831 274 3872 e
293 3810 330 3875 u.
342 3809 381 3874 L.
398 3809 466 3874 libri
488 3809 715 3896 grammaticae
732 3805 916 3870 Latinorum
937 3803 1100 3870 doctrinae
1121 3804 1185 3890 pri·

64 3894 177 3959 marius
207 3893 277 3961 sons
303 3906 424 3972 essent,
458 3895 483 3960 si
510 3917 548 3958 ea
574 3894 674 3959 forma
698 3903 856 3971 extarent,
889 3913 952 3977 qua
980 3891 1020 3956 ab
1050 3889 1184 3975 antiquis

64 3979 285 4046 tractabantur.
327 3979 424 4044 Nunc
437 3977 652 4066 explicandum
667 3978 720 4064 qui
735 3977 851 4043 lactum
867 3976 916 4054 sit,
938 3985 973 4042 ut
985 3975 1073 4040 labes
1087 3975 1123 4039 iis
1137 3974 1184 4038 iu-

66 4061 206 4143 ferretur,
228 4063 278 4128 illa
295 4085 359 4150 qua
377 4066 418 4130 ab
432 4066 556 4150 origine
574 4062 717 4150 adspersi
737 4073 834 4141 eraut,
855 4061 953 4149 louge
970 4059 1184 4148 perniciosior.

170 4263 223 4328 Ne
246 4261 462 4350 disputationis
486 4285 569 4348 quae
597 4284 681 4328 nunc
708 4255 897 4328 instituenda
924 4266 991 4340 est,
1023 4255 1184 4324 consilium

66 4357 95 4412 et
124 4349 194 4415 finis
233 4349 384 4436 ampliore
418 4371 523 4414 rerum
558 4349 722 4436 complexu
758 4347 859 4413 minus
898 4353 1051 4410 attentum
1082 4339 1186 4409 sallat:
1225 4371 1227 4382 ν
