2864 4814
457 225 495 325 §-
524 239 573 358 τε
598 267 649 282 -
673 240 737 310 cl·
799 289 804 302 .
1075 225 1153 302 loo

139 411 205 486 80.
250 409 393 488 Video
418 437 438 484 a
463 413 519 508 vi,
554 414 706 511 quinque
731 413 822 486 cuim
849 438 1012 487 sensuum
1046 417 1195 488 maxi-aa

41 543 108 588 mus
130 519 166 600 in
195 515 327 588 oculis:
369 539 449 586 nam
482 539 587 613 quom
617 541 737 592 seusus
768 514 908 609 nullus,
941 509 1035 614 quod
1067 509 1209 590 abaci&

42 618 124 690 mille
146 609 293 716 passus,
316 617 444 689 sentire
468 618 600 713 possil3
629 616 807 690 oculorum
828 643 949 691 sensus
970 619 1024 690 vis
1044 643 1155 716 nsque

41 721 183 816 pervenit
206 718 250 790 ad
269 717 399 800 stellas.
452 719 549 790 Hinc
572 717 778 809 visenda,
806 719 1018 820 vigilant,
1044 721 1154 820 vigi·
1196 735 1207 744 “

41 822 157 914 lium,
185 819 397 892 invident
420 832 454 892 et
477 816 663 892 Attianum
688 819 796 892 illud:

143 952 278 1051 oculis*
308 953 459 1023 violavit
486 953 549 1045 qui
579 952 697 1024 vidit*
731 953 988 1050 invidendum:

41 1104 152 1176 aquo
185 1081 287 1152 etiam
320 1077 513 1150 violavit
545 1081 769 1177 virginem
805 1101 868 1176 pro
897 1079 1030 1152 vitiavit
1063 1078 1154 1152 dice·

42 1178 137 1276 bant3
182 1205 291 1279 aeque
323 1179 443 1252 cadem
479 1179 645 1252 modestia
684 1180 796 1278 potius
835 1205 932 1251 cum
966 1179 1155 1254 muliere
1168 1205 1217 1274 ᾖε]

42 1280 169 1355 luisse
205 1307 309 1379 quam
343 1279 569 1354 concubuisse
600 1280 772 1354 dicebant.
821 1282 823 1288 ’
913 1277 978 1354 31.
1020 1279 1158 1360 Cerno

41 1381 119 1454 idern
146 1383 262 1478 valet3
297 1385 413 1481 itaque
435 1409 499 1481 pro
523 1381 624 1456 video
648 1385 697 1455 ait
721 1384 859 1454 Ennius
874 1411 901 1488 :¹

144 1514 292 1587 Lumen
326 1513 481 1586 iuborne
514 1517 553 1585 in
589 1516 691 1586 caelo
725 1511 867 1586 cerno?
940 1505 942 1512 ’

41 1619 179 1703 Canius:
226 1617 228 1624 ,
342 1626 344 1631 ’

142 1754 368 1847 Sensumqne
401 1755 519 1824 inesse
545 1768 580 1824 es
607 1765 743 1823 motum
773 1756 811 1823 in
839 1753 1011 1826 membris
1039 1779 1159 1827 cerno.

42 1877 174 1950 Dictum
201 1904 337 1952 cerno
364 1905 384 1950 a
410 1905 530 1973 cereo,
566 1879 678 1954 id-est
702 1908 722 1952 a
749 1882 918 1976 creand03
959 1882 1088 1955 dictum
1114 1881 1158 1956 ab

42 1977 193 2078 eoquod,
225 2005 330 2078 quom
354 1981 438 2078 qnid
465 1993 617 2058 creatum
641 1995 704 2077 cst,
729 1977 820 2056 ¹tunc
845 1984 994 2082 denique
1009 1984 1157 2058 videtur.

42 2077 162 2153 Hinc*
180 2081 296 2179 capilli
319 2083 482 2181 descripti
506 2084 602 2183 quod
623 2084 703 2156 linis
730 2085 876 2180 videtur,
905 2084 1157 2186 discrimen.

42 2179 92 2276 ut,
117 2183 213 2282 quod
235 2185 272 2255 in
297 2195 520 2278 testamento,
551 2190 726 2281 cernito*,
754 2187 789 2262 id
816 2201 868 2284 cst
893 2187 998 2260 facito
1023 2187 1221 2279 rideamne

141 2381 194 2447 80.
214 2395 253 2462 vr]
267 2396 385 2448 Pauwius
398 2396 431 2448 ad
445 2394 617 2464 Phryniolmm
636 2421 661 2470 p.
669 2405 713 2454 71.
726 2385 793 2453 Lol).
830 2400 890 2450 visu
909 2398 984 2453 codd.
1076 2395 1160 2464 absit]

42 2464 93 2517 GH.
129 2467 205 2519 obest
223 2469 254 2520 F.
291 2466 376 2518 adsiet
394 2469 540 2538 Scioppius.
659 2472 780 2538 visenda]
799 2471 924 2523 vincendo
939 2472 975 2524 H.
1010 2467 1118 2519 visendo
1135 2469 1161 2520 b.

43 2537 87 2588 Sed
110 2541 250 2604 genuinum
269 2545 322 2603 est,
349 2540 417 2604 quod
435 2548 497 2592 cett
517 2541 591 2594 codd.
610 2540 719 2609 habent,
746 2559 804 2596 nam
828 2543 932 2595 visenda
956 2556 1033 2592 sensu
1051 2539 1162 2606 quodam

43 2611 136 2675 proprio
153 2611 226 2662 urbis
244 2611 390 2676 regionisve
409 2605 538 2672 θαύματα
557 2615 691 2680 significat.
838 2613 997 2676 Attianum]
1015 2611 1163 2664 Nouaesius

43 2679 70 2728 ad
92 2680 262 2746 Phrynichum
286 2699 311 2748 p.
328 2687 372 2734 70.
395 2681 463 2733 Lob.
513 2685 628 2736 atticum
645 2687 677 2740 1².
721 2685 810 2737 aetoli
834 2703 912 2756 quom
931 2683 1005 2751 (curn
1023 2683 1162 2748 (spolia

42 2749 145 2802 aulicum
163 2753 190 2805 b.
226 2752 369 2803 Actiacum
387 2754 493 2824 Sciopp.
512 2771 593 2824 marg.
708 2756 803 2810 oculis*
822 2755 937 2808 violavit
955 2753 1002 2827 qui
1018 2753 1099 2807 vidit‘
1120 2753 1163 2806 in-

41 2818 180 2890 videndum]
196 2824 262 2875 coni.
283 2825 381 2891 scripsi.
423 2825 518 2878 oblivio
536 2827 609 2878 lovel
628 2827 676 2898 qui
689 2823 783 2880 incidit
800 2826 829 2878 in
846 2825 988 2880 videndum
1005 2826 1080 2880 codd.
1117 2823 1165 2876 ob-

42 2889 142 2943 violovi't
160 2894 233 2965 qnod
248 2893 343 2944 incidit
360 2892 390 2946 in
405 2895 547 2947 videndum
565 2899 720 2956 Nunnesius.
756 2898 827 2954 lllud
837 2900 905 2965 quod
921 2900 1004 2966 posui,
1021 2913 1073 2964 quo
1086 2911 1164 2949 seusu

43 2961 145 3030 dicator,
163 2972 192 3018 et
210 2970 368 3034 quantopere
385 2966 463 3019 iaciat
480 2968 513 3020 ad
531 2968 771 3036 demonstrandum,
787 2971 883 3024 violare
901 2970 997 3022 dictum
1016 2985 1073 3020 esse
1091 2984 1107 3019 a
1124 2969 1164 3020 vi-

43 3031 128 3100 dendo,
154 3052 206 3089 non
230 3052 295 3104 opus
319 3045 360 3088 est
381 3043 411 3088 ut
433 3055 559 3092 moneam.
579 3067 584 3080 ·
602 3042 779 3094 invidendum
803 3057 920 3110 pronon
944 3039 1054 3092 videndo
1072 3037 1164 3090 eodem

45 3103 91 3156 iure
108 3107 216 3174 dicitnr,
235 3124 286 3174 quo
304 3108 434 3160 infandum
453 3127 500 3178 pro
519 3126 570 3162 non
588 3111 680 3166 laudo:
706 3129 849 3180 quanquam
867 3112 1025 3180 Appuleius,
1043 3126 1102 3162 oum
1119 3109 1164 3160 in-

42 3173 101 3226 vidit
124 3195 170 3246 pro
196 3197 248 3229 non
273 3178 342 3230 vidit
359 3189 466 3248 usurpat
485 3181 532 3248 (de
550 3184 635 3250 magia
654 3202 679 3252 p.
695 3190 758 3239 408.
771 3188 834 3236 511.
852 3181 984 3248 Roscia),
1011 3182 1164 3233 firmissimis

43 3242 139 3326 lsalinac
158 3252 262 3320 linguae
278 3251 380 3318 legibus
398 3253 496 3305 calcem
514 3253 652 3321 impegisse
670 3257 821 3309 indicandus
839 3261 887 3307 est.
924 3255 964 3308 Ad
983 3255 1101 3306 metricas
1119 3269 1164 3303 ra-

45 3321 114 3372 tiones
133 3323 305 3374 examinatum
324 3323 350 3374 id
367 3321 437 3389 quod
455 3325 529 3393 posui
546 3341 647 3388 versum
673 3328 826 3393 quadratum
853 3343 903 3378 non
921 3327 1049 3392 integrum
1068 3323 1163 3376 elficit:

145 3459 180 3470 —
205 3431 289 3484 oculis
311 3410 440 3492 violis-vit,
469 3433 516 3506 qui
542 3433 611 3486 vidit
636 3435 807 3488 invidcndum
823 3460 931 3496 -υ-

46 3537 94 3602 uam
109 3529 135 3580 in
152 3529 265 3583 violavit
283 3531 350 3586 duae
367 3539 499 3586 extremae
516 3532 631 3600 syllabae
647 3532 673 3586 in
690 3549 767 3588 unam
785 3531 970 3588 contrahendae
987 3540 1073 3586 sont·
1146 3571 1148 3579 ι

144 3658 191 3724 81.
220 3663 425 3740 Ennin's]1dem
450 3676 537 3740 locus,
565 3675 608 3740 qui
627 3690 705 3743 supra
722 3674 773 3740 Vl,
791 3679 832 3740 6.,
857 3673 905 3727 sed
922 3675 1004 3740 magis
1022 3680 1164 3739 truncatus,

45 3743 69 3788 ut
83 3744 186 3798 videtur.
319 3746 428 3813 Canius]
447 3748 522 3800 codd.
549 3751 652 3814 praeter
670 3747 695 3797 b.
719 3748 762 3811 qui
781 3744 902 3796 aeonius.
947 3749 975 3801 0.
991 3745 1101 3798 Annius
1119 3762 1162 3812 vg.

46 3808 95 3864 Hoc
111 3831 199 3869 nomen
219 3817 313 3884 postne
328 3816 373 3867 illo
391 3832 442 3870 non
460 3819 546 3871 notius
565 3823 613 3869 est.
650 3818 744 3869 Osann.
757 3819 830 3868 Anal.
845 3835 870 3884 p.
880 3819 922 3870 15.
1038 3833 1118 3879 cereo,
1135 3816 1166 3866 id

46 3883 88 3949 eal]
107 3886 193 3940 lorum
208 3889 343 3939 verbomm
362 3889 420 3940 loco
438 3891 528 3941 lacuna
545 3895 586 3941 est
601 3891 626 3939 in
643 3889 667 3938 b.
705 3891 835 3940 Graecum
852 3888 888 3938 ibi
904 3887 984 3938 inisse
1001 3888 1163 3952 vocabulum,

46 3957 177 4021 suspicatur
194 3959 349 4027 Spengelias
366 3960 470 4026 p.XIV.
508 3960 586 4016 Quod
601 3959 662 4012 milri
680 3975 731 4012 non
748 3958 849 4010 videtur
864 3959 1005 4026 probabile.
1077 3959 1162 4010 Hinc*

48 4027 136 4096 capilli]
155 4031 216 4081 nino
228 4030 411 4098 finesacapilli
429 4031 502 4084 codd.
530 4032 598 4084 nude
610 4031 683 4099 fines
702 4031 842 4095 eliminavi,
870 4029 896 4080 id
915 4036 1000 4082 ortum
1018 4035 1111 4096 putans
1130 4046 1163 4082 ex

47 4097 148 4154 variante
165 4103 274 4155 lectione
292 4102 423 4168 sequentis
440 4119 463 4154 v.
477 4103 560 4169 fines.
691 4100 793 4170 capilli]
811 4102 932 4168 capillum
949 4102 1091 4154 Varronem
1108 4103 1165 4153 sin-

48 4168 288 4237 primordium,
312 4175 386 4224 lestis
405 4179 445 4226 est
463 4173 595 4228 Charisius
613 4174 633 4225 I.
653 4190 678 4241 p.
692 4177 728 4224 80
740 4189 779 4238 sq.
806 4171 912 4240 Putsclr.
1046 4172 1117 4242 qnod
1134 4172 1166 4221 in'

48 4242 208 4306 lwltonem,
226 4243 347 4312 cernito’]
366 4245 510 4301 Turnebus.
548 4245 595 4318 qni
611 4243 641 4293 id
657 4243 701 4308 (id
715 4261 765 4296 oni.
776 4243 853 4311 GH.)
865 4244 894 4294 in
911 4251 1069 4294 testamnto
1088 4242 1161 4295 codd.

50 4306 337 4380 Cl.Gaii1nstitut.ll‚
360 4321 418 4372 174.
454 4317 556 4368 Lucius
585 4314 673 4367 Titius
697 4315 772 4367 lieres
798 4325 868 4380 esto,
898 4315 1109 4384 cernitoque
1134 4313 1163 4362 in
