2864 4814
259 237 315 330 86
671 263 793 308 nrnrn
823 262 991 308 ssxrus.
1057 175 1074 230 l

362 424 430 498 55.
464 425 571 517 Quod
596 424 641 497 ad
666 423 883 524 singulorum
908 423 1041 498 dierum
1061 421 1230 498 vocabula
1250 424 1395 520 pertinet

262 527 345 598 dixi.
400 527 576 601 Mensium
600 528 739 601 nomina
761 526 834 599 sere
854 539 970 624 aperta
993 538 1087 621 sunt,
1116 528 1146 597 si
1167 550 1187 596 a
1207 524 1341 597 Martio
1361 535 1395 596 ut

261 630 395 726 antiqui
422 632 697 720 constituerunt,
726 653 899 701 numeres.
954 630 1046 701 Nam
1068 630 1202 728 primus
1223 651 1243 698 a
1264 626 1391 717 Marte.

261 730 462 823 Secundus,
490 742 529 803 ut
553 731 699 804 Fulvius
726 727 848 803 scribit
872 742 908 802 et
928 731 1067 825 Iunius,
1094 755 1115 802 a
1137 730 1276 804 Venere
1302 727 1393 824 quod

196 865 253 932 Ἥ
262 858 302 904 ea
331 835 395 904 sit
415 828 638 930 Aphroditc3
685 835 810 930 quoius
844 859 971 906 nomen
1003 860 1068 934 ego
1102 832 1253 929 antiquis
1286 830 1392 902 literis

259 933 355 1030 quod
396 960 567 1033 nusquam
601 937 740 1026 inveni,
779 937 890 1032 magis
923 946 1006 1031 puto
1041 936 1170 1007 dictum
1205 931 1301 1030 quod
1337 957 1393 1004 ver

260 1037 377 1106 omnia
397 1040 519 1134 operit,
548 1034 766 1134 Aprilem.
820 1037 962 1109 Tertius
986 1033 1215 1110 amatoribus
1236 1033 1390 1124 Maius,

259 1147 408 1233 quartus
435 1164 456 1208 a
481 1138 675 1211 iunioribus
698 1138 811 1210 dictus
835 1138 1011 1212 Iunius.
1149 1135 1218 1210 54.
1255 1134 1392 1230 Dehinc

259 1240 404 1335 quintus
430 1239 665 1332 Quintilis
691 1252 726 1313 et
745 1243 798 1312 sic
822 1239 985 1338 deinceps
1010 1266 1120 1339 nsque
1145 1238 1190 1312 ad
1216 1239 1391 1310 Decem·

259 1338 384 1411 brem
406 1367 426 1412 s
452 1369 609 1416 numero.
664 1338 728 1414 Ad
751 1341 817 1414 hos
839 1345 900 1440 qui
918 1343 1046 1435 additi,
1074 1344 1169 1440 prior
1194 1366 1215 1410 a
1237 1341 1390 1438 principe

188 1440 327 1516 (⁵1)deo
352 1441 599 1516 Ianuarius
625 1444 840 1544 appellatus3
881 1447 1064 1542 posterior,
1092 1458 1132 1517 ut
1155 1443 1247 1517 idem
1265 1442 1391 1513 dieunt

261 1543 471 1640 scriptores,
512 1544 558 1618 ab
595 1546 660 1619 diis
697 1547 818 1620 inferis
857 1545 1148 1620 Februarius
1185 1542 1387 1642 appellatus,

262 1644 357 1739 quod
382 1657 456 1716 tum
481 1645 536 1719 his
561 1653 771 1745 parentetur.
825 1649 907 1748 Ego
930 1651 1041 1748 magis
1065 1646 1215 1720 arbitror
1238 1643 1389 1719 Februa·

232 1785 235 1792 ι
260 1747 352 1816 rium
377 1771 398 1817 a
424 1747 479 1818 dic
500 1748 698 1842 Februanto,
733 1751 828 1847 quod
850 1761 925 1822 tum
951 1750 1131 1824 februotur
1154 1747 1325 1847 populus,
1358 1745 1390 1816 id

197 1879 249 1946 2-1.-
262 1856 315 1918 cst
346 1843 498 1944 lupercis
528 1852 630 1923 nudis
663 1852 830 1923 lustratur
861 1855 1038 1950 antiquom
1071 1851 1236 1949 oppidum
1262 1849 1389 1922 Palati·

260 1974 344 2020 num
367 1950 533 2050 gregibus
558 1952 718 2026 humanis
741 1955 906 2026 cinctum.

226 2069 253 2144 5
323 2087 326 2092 “
377 2075 448 2150 55.
488 2080 595 2173 Quod
618 2083 661 2154 ad
686 2093 880 2182 temporum
905 2082 1075 2157 vocabula
1100 2084 1226 2157 Latina
1260 2088 1388 2180 attinet,

260 2176 429 2252 hactenus
450 2183 493 2252 sit
512 2186 596 2255 satis
617 2185 771 2256 dictum.
815 2187 922 2258 Nunc
942 2185 1036 2283 quod
1057 2187 1100 2258 ad
1124 2214 1181 2260 eas
1200 2213 1256 2259 res
1274 2191 1389 2260 attinet
1420 2267 1421 2284 χ

218 2295 351 2375 siquae
372 2282 582 2381 intempore
607 2287 724 2386 aliquo
749 2285 824 2359 fieri
855 2287 1227 2382 animadverterentur,
1263 2289 1385 2380 dicam,
1420 2291 1421 2377 ἢ

259 2393 298 2452 ut
324 2380 413 2474 lraec
437 2396 539 2458 sunt:
577 2387 757 2489 legisti,
791 2414 967 2482 cursus,
998 2389 1176 2463 ludens.
1231 2391 1288 2464 Ile
1312 2393 1386 2490 quis

261 2482 330 2556 duo
368 2487 567 2582 praedicere
603 2491 706 2584 volo,
751 2502 880 2589 quanta
912 2492 957 2564 sit
986 2491 1171 2565 multitudo
1205 2516 1325 2565 eorum
1357 2503 1388 2564 et

259 2589 443 2680 quaesiui
468 2589 669 2664 obscuriora
695 2592 902 2689 quamalia.
1069 2591 1138 2666 56.
1174 2593 1293 2686 Quom
1316 2621 1387 2666 ver·
1419 2687 1420 2690 Ἴ

259 2682 383 2757 borum
415 2686 647 2764 declinatuum
681 2719 808 2790 genera
838 2695 908 2765 sint
938 2704 1121 2791 quattuor,
1162 2722 1272 2767 unum
1298 2695 1388 2794 quod
1419 2715 1420 2738 i

258 2795 412 2883 tempora
426 2789 643 2891 adsignificat
661 2821 774 2893 neque
793 2793 899 2868 habet
918 2820 1031 2889 casus,
1052 2807 1094 2868 ut
1111 2796 1154 2868 ab
1174 2797 1252 2898 lego
1268 2796 1384 2898 legis,
1419 2791 1420 2832 ¹

270 3033 274 3043 ,
373 2979 426 3047 33.
451 2993 515 3066 fere
533 3009 628 3068 operta
646 3003 722 3068 sunt]
737 3019 760 3055 a.
796 3012 862 3054 sunt
880 3013 977 3067 aperta
990 3002 1053 3072 sere
1071 3005 1101 3057 F.
1133 3005 1196 3075 sere
1212 3013 1278 3056 sunt
1296 3013 1386 3073 epeia

261 3066 312 3118 Gb.
349 3078 415 3120 eunt
428 3067 492 3136 fere
510 3082 607 3139 aperta
625 3073 659 3125 H.
781 3073 892 3139 Iunius]
913 3080 953 3125 est
972 3075 1059 3128 iunius
1080 3076 1261 3142 Gracchanus,
1280 3077 1384 3129 Varroni

260 3137 380 3189 laudatus
404 3142 483 3192 etiam
503 3141 533 3207 V,
551 3146 595 3194 48.
615 3149 675 3209 55.,
703 3143 736 3196 de
761 3161 813 3211 quo
837 3145 1013 3212 Liodenbrog.
1039 3147 1267 3200 ad'Ceusoriuum
1289 3167 1316 3216 p.
1330 3153 1384 3199 150.

260 3207 417 3260 Niebulrrius
436 3211 470 3262 R.
488 3210 524 3264 Η.
544 3216 592 3267 Ill.
613 3233 638 3282 p.
650 3221 694 3267 50.
826 3216 989 3286 Aphrodite]
1008 3218 1109 3271 Latinis
1125 3220 1207 3286 literis
1223 3226 1253 3271 ut
1271 3220 1297 3270 in
1316 3218 1383 3273 codd.
1418 3263 1419 3276 ,

258 3281 383 3360 scriptum
402 3286 450 3346 est,
468 3283 570 3334 retinui.
608 3282 749 3355 Ἀφροδίτη
768 3303 811 3354 vg.
847 3288 887 3340 Gi.
906 3305 962 3340 ann.
982 3289 1015 3340 ad
1035 3290 1065 3353 V,
1086 3294 1145 3342 122.
1260 3307 1386 3362 nusquam

258 3351 359 3417 inveni]
378 3352 439 3405 Hoc
456 3353 579 3408 Varronis
596 3357 654 3410 loco
672 3361 710 3410 uti
728 3359 829 3411 videtur
847 3359 965 3412 Macrob.
985 3362 1041 3413 Sat.
1053 3362 1080 3426 i,
1099 3366 1141 3414 12.

370 3445 423 3511 34.
456 3459 586 3530 deinceps]
613 3479 664 3518 om.
683 3465 725 3530 b.,
750 3475 893 3532 aunuente,
918 3468 1081 3534 dividetur,
1108 3468 1251 3537 Spengelio
1278 3487 1304 3536 p.
1319 3467 1382 3521 XIV.

260 3529 388 3597 Equidem
408 3532 472 3586 hano
490 3535 669 3600 omissionem,
700 3542 730 3586 ut
748 3538 810 3588 alias
835 3540 859 3589 in
878 3537 927 3591 lroc
946 3539 1026 3604 libro,
1053 3541 1229 3607 negligentiae
1248 3541 1382 3593 tribuerim.

261 3619 278 3650 a
297 3606 415 3673 numero]
430 3606 456 3657 X
472 3623 580 3658 nanneto
598 3608 665 3659 coni.
684 3607 782 3658 Koeler
799 3609 852 3662 Lit.
868 3612 925 3662 crit.
943 3612 969 3662 in
982 3612 1125 3665 Varronem
1144 3615 1220 3679 p.tl.
1234 3613 1290 3664 sinc
1306 3628 1382 3664 causa.

232 3731 234 3735 ¹
257 3677 427 3794 parentemn]
441 3693 484 3744 vg.
519 3688 632 3746 paretur
648 3680 682 3730 G.
716 3687 848 3745 parentur
866 3687 926 3732 cett.
946 3681 1021 3734 codd.
1136 3682 1177 3732 die
1195 3679 1343 3749 Februato]
1358 3683 1385 3732 dc
1417 3719 1418 3751 ]

270 3760 310 3798 too
327 3762 405 3816 supra
425 3749 475 3810 vl,
494 3754 536 3802 13.
651 3747 801 3818 antiquom]
820 3751 962 3823 antiquum
980 3751 1055 3806 codd.

374 3841 427 3906 35.
449 3858 531 3923 eatis]
548 3874 597 3911 om.
613 3859 647 3922 b.,
666 3857 743 3924 idque
756 3859 982 3927 probstSpcugei.
1002 3880 1026 3928 p.
1035 3861 1094 3913 XV.
1210 3860 1318 3926 eunus]
1329 3857 1380 3911 GH.

263 3947 359 3982 crerrus
377 3945 400 3982 o.
437 3947 561 3995 currens,
585 3936 615 3982 ut
632 3946 690 3996 vg„
715 3935 777 3983 cett.
792 3931 866 3982 codd.
910 3933 1031 3985 Verbalis
1056 3932 1159 3985 nomina
1186 3937 1213 3982 et
1231 3933 1311 3984 rerba
1333 3933 1379 3999 ipsa

263 4001 354 4054 eodem
374 4000 464 4053 ordine
480 4000 697 4070 comprehendere
715 4001 783 4053 solet
801 4002 892 4056 Varro.

374 4098 426 4165 36.
455 4108 647 4178 declinaturum]
668 4112 708 4165 cd.
727 4112 808 4180 princ.
844 4110 1033 4162 declinationem
1048 4113 1094 4164 Fa.
1126 4111 1318 4162 declinantium
1329 4105 1380 4162 GH.
1416 4129 1417 4164 i

262 4181 410 4236 declinante
427 4181 482 4236 sint
500 4182 525 4236 ir.
561 4181 767 4233 declinationum
784 4183 929 4247 'furnebun
948 4184 1015 4250 qnod
1032 4187 1116 4252 piacet
1130 4184 1281 4253 Spengeiio.
1356 4186 1382 4228 nt
1416 4167 1417 4211 l

262 4253 296 4306 ab
315 4254 373 4326 lego
391 4254 472 4324 legis,
490 4251 572 4321 leges]
592 4254 630 4304 stc
648 4250 812 4307 scribendum
830 4255 980 4308 existimavi.
1026 4256 1128 4324 Duplex
1146 4257 1212 4308 euim
1232 4263 1332 4324 tempus
1349 4253 1380 4303 in·

262 4327 397 4380 dicandum
410 4326 508 4386 tuisse,
527 4325 659 4388 sequentia
677 4326 823 4380 ostendunt.
860 4335 892 4377 nt
905 4324 1009 4393 ablega
1027 4326 1097 4397 leges
1111 4326 1170 4397 lego
1189 4327 1273 4380 FGH.
1310 4335 1340 4377 ur
1354 4318 1381 4370 ab
