2890 4820
473 293 727 342 cuidonis.
1075 295 1164 354 xm

50 454 166 522 dictum
192 475 316 522 arcera
344 452 430 522 iacta
459 460 510 523 est
537 472 589 552 ex·
604 473 661 534 ca,
692 473 788 552 quam
809 454 908 526 babet
928 461 969 528 G.
993 475 1046 532 eat
1067 467 1162 535 cebi-

50 539 151 606 culum
170 541 304 642 diqtum
326 549 379 604 est
396 537 521 605 aliisve
539 549 648 604 stram
663 536 798 660 drotum
815 540 859 608 ab
876 543 934 641 fiis
951 549 1007 614 vel
1026 571 1160 650 aqcern,

49 645 189 775 trite
212 648 270 775 {tr
289 646 384 795 <tlt
396 623 531 773 ,ltili
546 622 1161 806 lilla,ttstllttltttlttlt

47 813 105 858 rum
123 795 255 860 dictum
276 794 361 858 aliie
382 791 489 881 (unde
509 793 629 862 factum
649 789 693 858 ab
712 792 787 877 baa)
807 797 863 863 vel
882 800 1039 889 originem
1060 803 1159 874 ducit.

145 931 219 1008 Qua
246 931 376 998 materia
404 929 453 996 osi
483 931 546 999 sint
570 928 812 1020 interpolatores
841 933 900 1015 illi,
933 939 1009 1008 satis
1036 940 1158 1012 dictum

48 1037 107 1082 esse
131 1018 271 1084 videtur:
309 1015 393 1118 quali
422 1016 481 1104 ipsi
516 1017 599 1083 labri
635 1017 752 1084 luerint
780 1014 924 1088 doctrina
952 1025 1158 1118 ingenioque,

47 1121 98 1164 non
127 1102 282 1169 difficilius
314 1101 483 1168 intellectu.
538 1101 636 1168 Italos
666 1102 764 1168 luisse
791 1102 950 1188 homines,
977 1117 1158 1184 renascenti

46 1187 231 1274 antiquarum
251 1187 411 1253 literarum
432 1183 539 1253 studio
562 1183 651 1252 haud
670 1185 781 1252 leviter
800 1186 955 1271 imbutos,
982 1218 1002 1261 a
1023 1199 1158 1287 scripto.

44 1291 102 1335 mm
125 1274 240 1359 quibus
265 1273 367 1338 Varro
396 1271 441 1338 uti
466 1268 565 1350 solet,
594 1270 729 1337 lectione
753 1292 818 1338 non
841 1274 977 1356 alienos,
1008 1301 1047 1346 ex
1073 1284 1158 1352 omni

44 1354 178 1441 volgatae
213 1357 390 1444 scripturae
430 1365 541 1422 tenore
581 1353 793 1442 intelligitur.'
838 1358 987 1426 Plautum
1023 1387 1078 1430 eos
1114 1369 1158 1436 ad

43 1462 141 1508 manus
170 1442 339 1520 habuisse,
368 1438 442 1505 inde
466 1451 615 1527 apparet,
645 1441 732 1529 quod
755 1441 833 1524 VII,
854 1443 907 1510 93.
935 1467 974 1514 ex
998 1454 1157 1540 corruptis

42 1524 133 1594 hisce:
170 1527 214 1592 ab
242 1527 361 1614 regia,
393 1535 482 1590 recte
510 1526 716 1594 restituerunt
739 1524 843 1614 abegi
870 1527 934 1611 ab,
967 1533 1088 1603 scilicet
1117 1560 1157 1606 ex
1248 1539 1252 1550 '

41 1611 263 1685 Menaechmis,
296 1633 369 1676 uam
397 1609 579 1676 coniectura
602 1611 701 1678 credo
725 1634 781 1679 ecs
809 1610 842 1676 id
869 1618 996 1704 assequi
1016 1641 1079 1687 non
1102 1646 1158 1690 m.

40 1693 131 1763 luisse.
196 1693 283 1772 Quid
310 1694 397 1783 quod
425 1694 497 1760 loco
528 1694 719 1776 vll‚105.‚
758 1718 822 1784 quo
849 1697 882 1763 in
909 1700 995 1770 libris
1022 1704 1156 1809 legitur:

40 1779 88 1846 loc
114 1778 235 1846 verius
260 1801 349 1862 esce,
382 1779 486 1845 Verrii
514 1778 642 1861 Flacci,
674 1791 749 1870 post
778 1783 952 1852 Varronem
983 1787 1157 1861 doctissimi

40 1863 331 1950 grammaticorum,
368 1885 484 1930 nomen
512 1863 684 1932 intulerunt
717 1865 798 1952 (boc
831 1867 981 1936 Verrius
1006 1876 1157 1944 Flaccus

39 1973 98 2014 esse
125 1950 224 2016 habet
251 1947 322 2014 cod.
340 1948 379 2014 B.
408 1949 459 2016 ed.
488 1949 625 2037 prino.);
665 1973 836 2039 sanequam
863 1953 1043 2040 infeliciter,
1081 1983 1155 2029 nam

40 2033 102 2098 nihil
130 2035 173 2100 ab
202 2032 253 2101 illo
280 2033 352 2099 loco
383 2034 488 2122 magis
520 2033 655 2102 alienum
684 2048 742 2102 est.
803 2036 920 2126 Neque
950 2040 1013 2110 boc
1042 2059 1155 2132 postea

40 2120 194 2207 quisquam
223 2140 287 2184 uon
315 2116 408 2188 vidit:
444 2119 510 2184 aliis
540 2131 647 2188 autem
677 2120 755 2186 locis
784 2120 1001 2212 intempestiva
1029 2130 1155 2200 illorum

40 2205 209 2270 criticorum
243 2203 388 2270 doctrina
420 2205 557 2271 maiores
593 2205 702 2272 turbas
735 2205 843 2287 dedit,
883 2220 920 2276 ut
950 2210 982 2276 in
1013 2207 1154 2284 Cornelii

41 2287 110 2355 ualli
135 2301 167 2358 et
188 2289 267 2355 Aelii
288 2288 450 2371 Stilonis,
464 2289 631 2376 Cassiique
657 2303 691 2358 et
710 2293 797 2358 Accii
821 2293 1008 2364 nominibus.

136 2429 233 2494 Haec
254 2447 326 2493 cum
343 2425 459 2493 infitias
475 2427 523 2492 ire
540 2449 634 2491 nemo
652 2428 769 2516 possit:
796 2429 993 2499 mirabuntur
1014 2435 1149 2505 fortasse

41 2510 131 2592 multi,
159 2509 247 2602 quod
267 2511 416 2598 volgatae
434 2511 526 2578 huius
546 2511 683 2592 formae,
712 2534 796 2600 quae
816 2525 865 2582 tot
885 2514 961 2584 locis
982 2522 1150 2590 manifeste

41 2595 65 2660 in
83 2599 191 2664 fraude
210 2596 469 2687 deprehenditur,
490 2619 553 2662 non
574 2619 803 2686 usquequaque
825 2611 1074 2691 contemptorem
1096 2631 1149 2674 me

40 2685 246 2768 praebuerim,
278 2681 337 2750 sed
364 2681 468 2749 multis
496 2682 591 2763 locis,
626 2683 679 2748 ubi
707 2705 762 2770 vg,
786 2694 818 2750 et
845 2685 938 2752 codd.
961 2690 1019 2754 sibi
1048 2715 1148 2781 oppo-

41 2781 157 2851 nuntur,
184 2770 269 2836 illam
290 2767 492 2848 adsciverim,
514 2766 573 2833 hos
592 2765 804 2849 deseruerim
832 2771 952 2839 scilicet
973 2797 1028 2842 eos
1051 2777 1150 2861 locos,

41 2853 85 2936 qui
103 2855 193 2922 stiam
219 2853 325 2942 plures
344 2865 435 2933 sunt,
455 2853 569 2940 quibus
590 2853 751 2942 volgatam
772 2855 959 2941 scripturam
976 2863 1149 2949 repudiavi,

42 2937 145 3007 silentio
179 2938 315 3008 transire
351 2938 479 3018 solitus,
527 2938 643 3027 quippe
677 2939 789 3025 quibus
825 2940 868 3005 ad
901 2943 1030 3012 codices
1063 2950 1149 3037 ipsos
1258 2999 1260 3003 ,

42 3044 200 3108 provocare
229 3026 422 3113 praestabat.
475 3022 543 3090 lam
572 3023 659 3111 quod
686 3023 845 3110 volgatam
871 3025 954 3102 illam
983 3050 1047 3094 non
1074 3055 1149 3099 raro

43 3111 162 3190 restitui,
192 3109 226 3176 id
251 3109 312 3175 leci
332 3131 491 3197 nunquam
513 3108 571 3174 nisi
597 3110 677 3173 bene
700 3109 821 3185 sciens,
852 3132 989 3178 menon
1014 3117 1150 3206 scriptu.

41 3211 97 3259 ram
125 3195 293 3284 antiquitus
314 3194 480 3274 traditam,
510 3191 610 3258 seda
640 3193 755 3259 criticis
782 3193 957 3264 bominibus
986 3204 1150 3290 excogita.

43 3289 96 3343 tam
121 3302 285 3370 reponere.
347 3279 414 3347 ssd
441 3280 473 3343 in
500 3278 652 3343 Varronis
678 3277 763 3343 libris
792 3289 856 3344 tam
883 3281 975 3370 larga
1005 3308 1150 3355 errorum

43 3385 140 3450 seges,
170 3378 340 3454 tantusque
362 3366 468 3430 fuerat
489 3362 665 3428 scribarum
686 3373 813 3450 stupor,
839 3376 874 3431 ut
893 3367 955 3433 iam
978 3370 1151 3458 philologia

43 3469 159 3519 nascens
181 3464 214 3521 et
238 3449 337 3516 cruda
365 3446 517 3538 pueritiae
537 3447 715 3514 rudimenta
736 3471 857 3536 ponens
884 3454 1039 3540 permulta
1060 3469 1150 3525 recte

42 3538 190 3625 corrigere
218 3535 365 3614 valuerit,
403 3556 485 3624 quae
513 3532 572 3598 nisi
601 3533 641 3598 ab
670 3533 726 3599 illis
756 3535 827 3599 olim
856 3549 1002 3604 correcta
1032 3555 1149 3618 essent.

42 3637 114 3686 nunc
143 3623 386 3710 corrigeremus.
456 3617 586 3684 Leviter
617 3629 649 3685 et
680 3619 892 3706 incogitanter
925 3635 1056 3707 ageret,
1095 3628 1150 3714 qui

43 3707 148 3774 novitiis
174 3706 335 3794 figmentis
365 3727 423 3794 pro
454 3703 644 3770 auctoritate
670 3705 860 3792 antiquitatis
888 3704 1057 3786 niteretur,
1090 3712 1150 3780 sed

41 3807 176 3873 perverse
203 3806 237 3860 et
264 3793 390 3871 insane,
424 3790 478 3876 qui
506 3788 679 3877 probabilia
706 3789 849 3869 inventa,
883 3791 956 3878 quia
981 3795 1149 3886 interpola-

42 3883 133 3943 tomm
155 3888 276 3957 essent,
304 3886 545 3963 aspernaretur,
574 3884 606 3939 et
626 3895 685 3961 pro
709 3873 830 3938 illorum
854 3874 1051 3965 simplicitate
1074 3905 1149 3950 suo.

42 3977 102 4027 rum
120 3975 368 4030 commentorum
390 3960 522 4026 artificia
546 3958 771 4026 commendare
795 3957 961 4031 laboraret.

139 4193 233 4260 Attuli
265 4217 304 4261 ex
332 4191 464 4260 historia
493 4189 605 4258 borum
636 4191 786 4259 librorum
816 4217 872 4273 ea,
908 4215 990 4280 quae
1021 4194 1063 4260 ad
1094 4219 1149 4263 eos

44 4275 246 4347 emendandos
265 4280 401 4345 maxime
423 4278 601 4345 necessaria
620 4278 815 4346 ridebantur.
859 4279 1069 4360 Criticorum,
1096 4281 1150 4369 qui

42 4351 69 4421 ln
93 4361 199 4432 codem
229 4385 327 4455 opere
357 4363 580 4445 elaborarunt,
620 4365 745 4433 nomina
761 4376 808 4432 et
835 4363 945 4434 men'ta
973 4379 1152 4448 recensere,
