2866 4812
462 205 498 304 §-
527 219 577 288 to
605 243 650 258 ·—
678 219 739 287 aa·
1090 197 1168 274 tut

53 408 142 489 ruin,
165 394 312 468 comitiis
336 415 442 490 quom
466 345 631 464 recitatur
655 417 675 462 a
696 413 886 488 praecone,
914 388 1061 462 dieitnrz
1089 393 1188 480 Olla-

52 503 230 589 centuria,
263 521 333 567 non
364 492 446 586 illa3
492 493 640 565 alterum
673 503 816 591 apparet
847 495 884 564 in
916 491 1099 564 funeribus>
1120 493 1175 562 in-

52 601 199 692 dictivis,
240 623 345 694 ιῙιιοιιι
378 595 525 666 dicitur:
570 599 676 668 Ollus
698 601 798 685 leto
834 601 947 668 dutus
971 611 1045 686 est,
1079 593 1172 692 quod

52 701 203 792 Graecus
231 699 333 771 dicit·
349 692 483 796 hallin,
517 694 553 768 id
578 708 631 769 est
656 695 834 770 oblivioni.
939 725 944 738 ·

139 827 209 902 ld.
228 825 360 926 ,Apud
385 828 562 901 Ennium:

152 943 325 1012 Mensae*
341 943 529 1011 constituit
563 943 730 1036 itlemque
763 940 929 1010 ancilia*
948 992 980 1009 ..
1004 991 1038 1011 ..
1060 970 1073 1032 >¹

51 1051 211 1124 ancilia
243 1052 336 1124 dicta
361 1049 404 1122 ab
431 1048 628 1145 amhecisu,
663 1050 757 1150 quud
778 1075 819 1124 ea
839 1075 935 1121 arma
962 1047 1006 1120 ab
1028 1059 1175 1150 utraque

50 1164 156 1250 parte,
192 1164 232 1226 ut
254 1152 453 1247 Thracum,
488 1154 610 1224 incisa.
733 1243 735 1248 ,
868 1206 880 1234 ,
1182 1150 1235 1218 ma

72 1337 74 1342 '
142 1279 212 1356 44·
253 1285 444 1378 Libaque,
472 1281 651 1374 fictores,
685 1283 834 1380 Argeos
865 1295 900 1351 et
930 1282 1117 1352 tutulatos.
1185 1239 1221 1286 ⁹⁰

51 1399 179 1494 Liba,
224 1391 319 1500 quod
350 1402 482 1475 libandi
517 1401 748 1475 causafiunt.
812 1401 1179 1474 Fictoresdictia
1255 1459 1258 1463 .

53 1501 216 1601 fingendis
240 1503 335 1575 libis.
387 1501 532 1604 Argei
562 1504 606 1576 ab
632 1500 765 1602 Arpis,
800 1499 913 1603 Argei
933 1504 1023 1575 liunt
1047 1529 1065 1575 e
1091 1503 1178 1574 scir·

53 1607 141 1700 peis,
185 1606 372 1677 'simulacra
409 1605 588 1678 hominum
620 1603 800 1698 XXlllI3
846 1630 885 1676 ea
918 1606 1103 1702 quotannis
1135 1601 1178 1676 de

52 1717 148 1799 ponte
181 1706 329 1780 sublicio
358 1734 379 1778 a
413 1706 650 1782 sacerdotibus
689 1705 828 1804 publice
866 1706 955 1779 deici
994 1706 1107 1778 solent
1139 1706 1236 1781 insto

54 1807 216 1879 Tiberim.
270 1809 481 1881 Tutulati
514 1811 598 1896 dicti
626 1810 672 1901 ii,
711 1811 772 1906 qui
801 1810 838 1879 in
861 1810 972 1882 sacris
992 1810 1033 1880 in
1057 1795 1240 1904 capiti-”⁶

53 1904 109 1982 hus
141 1907 270 1982 hahere
302 1911 413 1983 solent
446 1922 485 1982 ut
514 1923 659 2006 metum3
702 1911 740 1982 id
774 1911 946 1983 tutulus
984 1909 1178 2006 appellatus

57 2009 92 2080 ab
115 2036 156 2083 eo
175 2011 283 2108 quod,
311 2023 439 2104 matres
465 2013 614 2085 familias
642 2014 754 2101 crines
777 2012 980 2085 convolutos
1005 2010 1049 2081 ad
1074 2012 1179 2083 verti·
1255 2025 1260 2030 “

55 2135 120 2184 cem
163 2116 283 2210 capitis
323 2139 412 2212 quos
446 2113 577 2188 habent
601 2114 721 2187 'villu'
767 2113 920 2208 velatos,
976 2111 1180 2185 dicebantur

56 2331 92 2380 vg.
205 2316 328 2386 quornm]
348 2319 414 2370 coni.
452 2317 524 2388 quod
540 2317 616 2371 codd.
652 2319 756 2371 Similes
775 2316 937 2368 librariorum
956 2331 1056 2368 errores
1074 2331 1181 2383 compo-
1284 2330 1288 2344 ι

55 2388 88 2436 sui
106 2386 131 2438 in
148 2387 322 2440 Praelatione.
456 2389 599 2454 recitatur]
619 2389 794 2440 renunciatur
812 2389 877 2439 coni.
897 2387 1044 2454 Scioppius.
1082 2387 1135 2438 Sed
1153 2389 1180 2437 in

56 2459 238 2512 renunciatione
262 2460 458 2525 magistratuum
481 2475 532 2512 nou
558 2461 633 2512 video
656 2461 700 2528 qui
724 2462 796 2511 locus
821 2457 900 2510 luerit
918 2458 1015 2509 serbis:
1045 2455 1100 2507 olla
1120 2475 1183 2507 cen-

56 2529 131 2582 turia.
261 2531 349 2600 quom]
369 2547 410 2596 vg.
449 2550 500 2602 quo
519 2532 593 2584 codd.
728 2529 816 2597 Ollus]
836 2528 913 2578 Ollus
933 2527 1023 2594 (illius
1041 2528 1098 2580 cod.
1117 2528 1181 2594 ms.)

56 2599 139 2723 {cipis
161 2600 188 2650 in
215 2601 305 2654 eadem
330 2603 441 2654 formula
465 2605 589 2672 scriptum
612 2602 691 2658 habet
720 2603 815 2656 Festus
840 2617 862 2654 s.
887 2617 911 2652 v.
937 2601 1053 2657 Quirites
1082 2619 1107 2670 p.
1119 2603 1182 2652 217.

77 2687 100 2722 ιιι
118 2687 216 2724 emano.

160 2755 214 2822 43.
234 2768 362 2837 Ennium]
376 2770 453 2838 Apud
468 2771 594 2824 Merulam
607 2772 747 2838 Annal.lI‚
760 2775 786 2824 9.
805 2789 830 2841 p.
839 2774 882 2824 42.
890 2769 923 2822 Ε.
932 2771 960 2822 S.
1056 2767 1182 2836 ancilio’]

58 2839 107 2895 hl.
134 2859 183 2896 om.
203 2841 279 2895 codd.
322 2843 430 2894 Excidit
453 2851 559 2911 propter
582 2860 693 2910 sequeus
711 2843 826 2906 ancilia,
850 2858 951 2910 unaque
970 2842 1048 2893 etiam
1066 2843 1183 2894 ultimum

58 2910 191 2966 hexametri
214 2915 337 2977 verbnm,
362 2915 432 2980 quod
454 2916 557 2980 primos
580 2916 673 2980 luisse,
698 2917 789 2969 statuit
807 2917 933 2982 Scaliger.
969 2913 1035 2965 Post
1052 2912 1137 2964 incisa
1156 2918 1184 2964 et
1267 2921 1271 2930 ·

59 2992 113 3037 ante
130 2985 252 3056 Libaque
274 2987 300 3037 in
319 2986 392 3037 bonis
411 2985 485 3038 codd.
505 2985 566 3037 nihil
586 2988 780 3054 scriptumest,
812 3002 911 3052 neque,
933 2983 1030 3048 aliquid
1048 2983 1183 3046 excidisse,

62 3057 109 3107 ullo
126 3057 327 3125 deprehenditur
343 3057 461 3122 vestigio.
498 3058 552 3110 Sed
569 3058 665 3110 sactum
684 3064 738 3124 est,
756 3065 786 3109 ut
803 3064 918 3109 extrema
936 3055 1028 3123 prioris
1046 3069 1070 3107 v.
1084 3053 1184 3120 syllaba

60 3127 144 3180 iterata
161 3129 332 3183 scriberetur:
358 3125 497 3198 calthaque
516 3128 599 3198 (quoe
617 3127 693 3196 GH.)
710 3130 735 3181 iu
751 3129 850 3193 FGH„
868 3127 936 3179 unde
950 3123 1045 3196 satiba
1063 3143 1132 3196 quoe
1150 3143 1183 3190 a.‚
1220 3192 1222 3199 ,

59 3213 116 3262 (puae
134 3217 189 3266 ιι,
216 3217 274 3252 eum
298 3215 349 3250 non
368 3199 586 3265 intelligerentur,
616 3216 665 3252 orn.
685 3201 710 3253 b.
756 3201 825 3252 Hinc
850 3205 935 3251 ortum
959 3197 1039 3250 illud:
1068 3206 1095 3246 et
1119 3197 1184 3246 item

59 3269 132 3335 alibi,
158 3273 185 3323 in
211 3272 267 3323 cod.
286 3271 319 3324 B.
340 3277 372 3333 et
384 3273 522 3335 Augustini
545 3271 625 3338 margi
676 3271 729 3323 Sed
754 3274 781 3325 in
807 3271 912 3336 codiee,
938 3285 1014 3336 quem
1041 3269 1082 3321 ed.
1102 3269 1183 3334 princ.

61 3343 179 3408 exprimit,
198 3345 286 3396 nescio
304 3344 361 3408 quis
379 3344 473 3394 sciolus
491 3348 550 3394 ante
565 3342 634 3394 Liba
653 3361 722 3412 qnae
739 3345 839 3412 posuit:
866 3341 995 3393 Saturnio
1012 3339 1041 3389 in
1060 3339 1184 3401 carmine,

63 3426 120 3474 quae
137 3412 195 3466 hnic
213 3416 271 3466 loco
290 3415 393 3467 minime
410 3415 471 3482 apta
489 3420 557 3466 sunt.
593 3413 658 3466 Mihi
677 3413 738 3466 nihil
766 3414 806 3467 hic
831 3415 959 3480 excidisse
979 3411 1110 3479 persuasi,
1137 3409 1184 3461 sed

62 3498 162 3549 pergere
180 3488 324 3539 Varronem
343 3486 369 3536 in
388 3479 546 3553 explicandis
564 3487 693 3550 versibus,
713 3487 806 3556 quibus
823 3484 922 3538 Ennius
940 3483 973 3533 de
991 3482 1091 3533 Numae
1109 3481 1184 3532 insti-

63 3557 117 3606 tutis
134 3557 248 3621 dixerat3
271 3558 416 3623 universus
430 3558 463 3608 ad
477 3573 552 3623 quem
567 3558 739 3626 pertinerent,
757 3576 815 3611 cnm
836 3556 996 3609 notissimum
1014 3559 1099 3618 esset,
1117 3551 1185 3604 inira

64 3627 167 3681 scribere
193 3635 295 3698 poterat
312 3630 412 3682 Varro:
440 3629 563 3694 Ettrrderu
580 3629 741 3698 Pompilium
759 3631 801 3679 uit
813 3628 915 3699 fecisse
933 3629 983 3677 etc.

166 3719 217 3786 44.
237 3734 370 3804 nataque]
389 3738 468 3804 apuu
484 3737 611 3790 orantem
630 3718 720 3788 antrat.
739 3736 781 3800 u,
798 3739 840 3787 ro.
860 3752 885 3802 p.
897 3738 940 3788 42.
955 3735 987 3786 u.
1001 3735 1030 3786 a.
1066 3730 1186 3790 nortem

64 3811 156 3858 tersum
175 3809 286 3860 semovit
303 3809 397 3861 Festus¹
415 3827 440 3876 p.
453 3813 512 3862 153.
529 3813 591 3862 271.
609 3808 729 3860 Lindem.
871 3803 906 3856 ab
924 3806 1021 3878 Argis]
1041 3803 1073 3856 cf.
1092 3805 1186 3856 Festus

65 3879 272 3938 p.1¹l.Lindem.
359 3923 361 3928 .
422 3882 538 3944 XXIV]
552 3880 653 3932 FGHb.
696 3879 807 3928 XXIII
822 3893 845 3931 a.
887 3879 981 3928 XXX
998 3877 1093 3939 Aldus,
1118 3873 1188 3941 quod

66 3956 185 4015 sumptum
205 3957 245 4004 est
263 3967 295 4004 ex
313 3950 438 4014 Dionysio
456 3953 523 4003 Ant..
534 3952 610 4003 Rom.
629 3951 656 4014 1,
675 3954 718 4001 38.
894 3947 971 4012 deici]
989 3947 1184 4000 Rhoiaudellus.

66 4014 120 4066 tlttot'
137 4021 211 4073 codd.
318 4031 431 4080 metam,
449 4021 489 4088 id]
508 4024 546 4074 sic
563 4023 724 4089 interpunxi3
742 4020 800 4071 ulii:
819 4028 917 4070 ructum
935 4020 971 4072 id.
1033 4021 1070 4070 Ut
1089 4027 1186 4080 metum

66 4087 185 4152 significat
207 4101 291 4146 metae
309 4093 435 4159 quandam
458 4089 584 4161 speciem,
597 4139 601 4144 .
614 4095 647 4146 de
665 4108 716 4159 quo
735 4092 921 4144 coniunctionis
939 4089 972 4142 ut
989 4105 1038 4142 usu
1056 4105 1079 4142 v.
1096 4096 1183 4142 annot.

67 4160 95 4208 td
111 4163 155 4227 VI,
172 4165 215 4214 56.
330 4163 495 4232 appellatus]
511 4165 601 4230 codd,
620 4165 669 4216 uisi
688 4164 757 4230 quod
776 4162 942 4232 appellatum
960 4163 984 4212 si
1001 4164 1041 4228 b.,
1060 4179 1076 4214 a
1094 4163 1186 4229 quibus

67 4227 200 4285 desciscere
218 4251 268 4286 non
287 4251 454 4301 natussum,
480 4239 599 4302 quoniam
618 4238 701 4291 Varro
719 4236 745 4286 in
768 4252 800 4286 eo
819 4235 979 4288 attractionis
997 4249 1092 4305 genere
1110 4247 1185 4284 usur—

67 4303 144 4362 pando
162 4307 267 4360 multum
284 4307 332 4360 sibi
349 4308 484 4362 indultisse
503 4308 611 4360 ridetur.
648 4309 680 4361 V.
700 4323 756 4360 ann.
776 4307 809 4360 ad
827 4309 859 4371 V,
880 4311 938 4359 130.
1089 4301 1186 4366 vittati

73 4592 78 4619 h
