2874 4804
444 247 791 362 §m-m'
1080 258 1162 337 am

30 457 229 552 incorrupta
260 449 465 550 plerumque
489 459 544 524 est
575 461 699 548 suapte
728 459 871 549 sponte,
909 452 977 524 nisi
1002 453 1064 550 qui
1088 479 1165 526 eam

30 584 95 629 usu
116 557 229 628 inscio
255 552 470 653 depravabit.
625 547 692 623 61.
729 551 849 644 Quare
874 553 903 623 si
929 553 1007 651 quis
1032 556 1225 653 prinei-17⁶

29 661 124 758 pium
154 656 333 755 analogiae
365 657 481 754 potius
513 655 667 752 posuerit
700 654 737 724 in
765 653 981 726 naturalibus
1008 656 1164 752 casibus,

31 786 133 858 quam
154 759 390 857 impositiciis,
418 782 489 830 non
513 755 621 828 multa
640 757 677 827 in
698 754 948 829 consuetudine
966 773 1164 853 occurrent,

30 873 64 934 ct
92 889 112 934 a
138 874 262 934 natura
285 859 406 932 lubido
429 857 582 930 bumana
606 859 820 957 corrigetur,
844 883 918 931 non
943 858 987 931 ab
1011 858 1168 934 lubidine

29 974 172 1057 natura,
200 960 315 1061 quod,
342 963 403 1060 qni
426 961 679 1059 impositionem
701 961 801 1060 sequi
824 959 1011 1056 voluerint,
1041 961 1170 1036 facient

30 1075 164 1140 contra.
282 1059 352 1136 62.
389 1062 455 1136 Sin
481 1061 526 1134 ab
550 1061 719 1162 singulari
745 1063 824 1159 quis
849 1063 966 1160 potius
994 1065 1170 1162 proficisci

30 1167 144 1260 volet,
177 1164 215 1240 id
240 1165 339 1238 illum
369 1164 484 1238 facere
509 1162 682 1266 oportebit
707 1162 752 1237 ab
777 1175 875 1237 sexto
897 1190 1000 1259 casu,
1035 1169 1096 1265 qui
1118 1177 1171 1240 est

29 1271 192 1369 proprius
216 1267 364 1340 Latinus
376 1293 388 1360 3
427 1292 509 1339 nam
532 1268 606 1338 eius
634 1268 770 1338 cassuis
794 1265 972 1338 literarum
998 1266 1171 1340 discrimi-

30 1370 134 1444 nibus
164 1370 302 1444 facilins
335 1368 550 1467 reliquorum
576 1368 776 1442 varietatem
807 1366 1014 1442 discernere
1030 1372 1169 1469 poterit,
1182 1399 1236 1471 Q

31 1473 127 1572 quod
156 1470 345 1546 ei'babent
377 1474 488 1544 exitus
513 1481 573 1542 aut
602 1472 639 1542 in
664 1466 724 1564 A,
761 1480 802 1542 ut
833 1468 901 1544 bac
932 1481 1075 1568 terra3
1113 1484 1250 1562 aut1aa)

30 1579 71 1647 in
91 1576 147 1668 E,
178 1573 311 1646 uthae
336 1572 493 1668 lanee3
531 1573 650 1644 autin
674 1572 715 1666 1,
744 1571 873 1645 uthac
898 1571 1012 1668 levi,
1050 1577 1185 1647 autin

29 1677 90 1774 0,
116 1686 155 1749 nt
177 1674 246 1749 hoe
274 1675 426 1770 coelo,
462 1675 585 1746 autin
609 1673 667 1768 U,
702 1667 833 1749 ut'hoc
858 1699 1006 1747 versu.
1059 1675 1174 1775 Igitur

30 1779 81 1852 ad
103 1776 387 1878 demonstrandas
416 1775 666 1850 declinationes
692 1774 812 1875 biceps
838 1779 942 1872 una†
966 1773 1068 1850 baec.

133 1923 202 1998 65.
234 1923 514 2022 sedquoniam,
539 1919 602 1994 ubi
626 1922 806 2022 analogia,
834 1925 921 2016 tria,
948 1949 1057 1996 unum
1078 1925 1174 2022 quod

30 2031 73 2102 in
104 2025 229 2123 rebus,
268 2027 417 2102 alterum
453 2023 548 2123 quod
579 2025 617 2094 in
641 2023 808 2118 vocibus,
843 2026 983 2098 tertium
1009 2025 1104 2123 quod
1135 2030 1175 2100 in

30 2139 200 2227 utroque,
227 2129 298 2202 duo
322 2130 439 2227 priora
462 2124 651 2222 simplicia,
676 2128 817 2200 tertium
837 2124 989 2225 duplex:
1018 2130 1173 2204 animad-

30 2225 240 2304 vertendum
261 2229 350 2304 haec
372 2254 477 2328 quam
497 2230 589 2299 inter
608 2252 648 2298 se
669 2225 821 2300 babeant
840 2230 1021 2303 rationem.
1100 2228 1170 2304 64.

29 2335 195 2408 Primum
220 2358 261 2407 ea
284 2337 478 2430 quaesunt
500 2328 700 2400 discrimina
721 2330 758 2399 in
777 2327 903 2422 rebus,
931 2331 1056 2426 partim
1075 2343 1172 2424 sunt,

30 2461 123 2534 quae
155 2433 202 2507 ad
233 2434 423 2509 orationem
455 2456 528 2503 non
559 2431 750 2523 attineant,
787 2431 913 2529 partim
942 2455 1031 2528 quae
1064 2434 1173 2530 perti.

29 2547 152 2610 neant.
205 2537 288 2611 Non
309 2535 503 2635 pertinent,
538 2541 578 2604 ut
601 2556 643 2604 ea
669 2557 758 2630 quae
783 2531 970 2606 observant
991 2533 1028 2603 in
1054 2533 1172 2607 aedili.

31 2641 101 2712 ciis
137 2648 175 2712 et
208 2639 318 2738 signis
335 2633 518 2708 ‚faciendis
555 2635 769 2734 caeterisque
799 2633 905 2708 rebus
940 2634 1113 2731 artifices,
1148 2663 1169 2710 e

32 2743 114 2839 quis
142 2750 314 2813 vocantur
348 2737 435 2810 aliae
468 2734 714 2832 harmonicae,
751 2739 802 2812 sic
831 2739 914 2810 item
940 2735 1027 2810 aliae
1059 2741 1170 2812 nomi·

30 2842 142 2915 nibus
163 2842 261 2916 aliis:
290 2838 353 2914 sed
379 2838 476 2910 nulla
499 2837 626 2912 harum
650 2838 693 2910 fir
715 2839 892 2938 loquendo
916 2864 999 2937 pars
1025 2841 1071 2914 ad
1089 2866 1235 2948 ora-Q

29 2947 179 3020 tionem.
306 2938 375 3014 65.
419 2939 521 3032 Quae
553 2941 728 3036 pertinent
759 2970 837 3035 res,
876 2965 936 3012 eae
970 2955 1052 3013 sunt
1084 2968 1180 3041 quae·

29 3046 155 3120 verbis
181 3041 345 3119 dicuntur
370 3043 619 3142 proportione,
654 3067 769 3141 neque
789 3069 810 3116 a
835 3040 1060 3116 similitudine
1085 3069 1174 3142 quo·

27 3175 103 3248 que
129 3173 259 3222 vocum
285 3144 478 3218 declinatus
499 3141 651 3237 babent,
680 3155 719 3216 ut
743 3145 978 3244 Iuppiter,
1005 3144 1174 3244 Maspi-

26 3263 130 3348 ter3
166 3248 292 3344 lovi,
319 3246 474 3325 Marti.
540 3244 643 3320 Haec
668 3248 761 3320 enim
787 3271 914 3348 genere
939 3249 1119 3322 nominum
1141 3258 1177 3320 et

150 3469 203 3535 61.
240 3483 341 3552 multa]
366 3499 424 3554 ogs
469 3483 572 3538 multae
595 3483 671 3540 codd.
706 3485 757 3539 nisi
779 3484 850 3555 quod
873 3484 907 3540 de
929 3503 954 3540 a.
987 3503 1039 3541 uon
1063 3493 1173 3544 constat.

24 3554 136 3618 lubido
148 3562 176 3609 et
195 3553 325 3626 lubidine]
342 3558 377 3612 G.
421 3554 502 3609 libido
520 3563 548 3610 et
565 3555 675 3640 libidine
694 3562 756 3612 cett.
899 3561 1006 3628 contra]
1025 3576 1069 3628 vg.
1113 3579 1176 3612 con-

23 3629 131 3682 traria
147 3627 224 3681 codd.

153 3727 208 3794 62.
236 3739 277 3811 id]
294 3758 337 3812 vg.
373 3741 403 3796 in
420 3745 495 3800 codd.
596 3742 880 3814 propiusculam]
905 3745 936 3799 In
954 3745 1045 3800 eadem
1062 3762 1092 3800 re
1110 3747 1178 3802 Var-

27 3829 101 3868 rone
123 3821 193 3868 teste
211 3815 292 3867 utitur
307 3816 446 3869 Diomedes
463 3817 484 3870 1.
503 3834 528 3885 p.
540 3819 602 3870 277.
618 3817 651 3872 Ρ.
766 3815 882 3884 rasonis]
900 3819 999 3886 scripsi.
1037 3835 1117 3871 casus
1135 3818 1178 3870 dis

27 3885 115 3940 codd.
143 3885 214 3953 quod
232 3886 329 3940 factum
347 3903 380 3940 ex
394 3888 564 3952 CASUSIS‚'
577 3887 627 3940 hoe
645 3901 679 3940 ex
697 3887 855 3940 CASSUIS.
891 3889 932 3942 De
950 3889 1033 3943 torma
1046 3907 1071 3944 r.
1086 3907 1190 3942 cassus·

28 3975 58 4010 v.
80 3964 174 4010 annot.
194 3957 227 4010 ad
245 3957 317 4024 Vlll,
332 3962 375 4012 11.
400 3959 479 4012 etde
497 3959 597 4027 patrico
614 3958 664 4012 hoc
682 3959 741 4012 UIS
759 3963 845 4012 annot
861 3960 895 4012 ad
907 3947 955 4026 IX,
967 3964 994 4016 4.
1091 3959 1182 4013 varie-

25 4036 126 4080 tatem
145 4028 303 4094 discernere]
321 4031 420 4099 scripsi.
463 4030 599 4083 varietate
622 4030 768 4082 discernere
786 4030 861 4084 codd.
904 4032 1065 4084 vometntem
1083 4031 1183 4084 discere

26 4116 78 4166 vg.
200 4097 288 4166 biceps
307 4101 400 4170 ωηο-1]
419 4100 494 4154 codd.
532 4103 609 4156 Quae
625 4118 667 4155 vv.
687 4100 749 4170 quid
767 4103 926 4170 significent,
944 4103 1045 4172 ignoro.
1081 4103 1180 4160 Tento-

26 4172 96 4225 bem
116 4170 204 4226 VIcn
222 4169 355 4238 PRIMA,
380 4173 451 4228 unde
467 4171 597 4227 BICEPS
615 4173 691 4228 UNA
708 4173 766 4226 fieri
783 4179 895 4243 poterat.

153 4281 207 4348 65.
232 4294 465 4367 Maspiter1FGa.
502 4297 652 4369 Marspiter
668 4299 704 4352 H.
731 4300 867 4356 cLaunot.
880 4303 914 4354 ed
926 4303 1057 4370 VIIde.
1134 4322 1182 4376 ge-

26 4369 113 4438 nere]
139 4369 329 4456 contempsi.
385 4388 486 4444 genera
511 4371 585 4426 codd.
622 4369 654 4425 es.
682 4372 715 4425 de
741 4389 838 4441 genere
863 4376 1045 4432 vocabulorum
1071 4377 1111 4442 X,
1136 4381 1180 4428 at.

700 4469 741 4536 17
