2890 4820
258 269 372 326 xxviii
681 267 956 314 unaun'axro

372 433 449 498 VIII,
468 434 492 486 l.
528 433 615 492 Quom
631 427 716 482 oratio
732 428 816 482 retr.
858 453 895 470 ι·
947 426 1073 498 quomodo
1090 425 1161 478 ratio
1181 427 1221 478 ab.

370 524 425 588 IX,
443 525 503 573 114.
527 516 724 585 quoquomodo
751 585 755 594 ι
856 541 890 554 -
944 532 996 586 quo
1014 513 1120 585 quondo
1137 514 1168 566 1⁴¹.
1193 529 1243 582 quo
1262 499 1299 584 q'vi
1316 515 1350 566 G.

372 595 412 660 X,
434 597 477 645 41.
528 587 657 656 quomodo
858 613 894 625 -
947 603 1025 656 quom

370 665 424 728 vl,
447 667 491 716 6⁰.
527 675 605 726 quom
857 683 891 696 -·
945 653 1072 727 quonaodo

370 733 449 799 VIII,
467 735 512 784 16.
530 726 714 782 eiusdemmodi
858 754 894 766 -
946 727 1062 778 eiusdem

371 804 437 861 vlt,
454 807 498 856 61.
530 799 703 854 omnimodum
721 795 834 850 edulium
858 825 893 837 -
947 815 1020 850 omne
1040 793 1191 856 radolium.

258 918 310 984 Fir
342 913 523 1000 vulgaribus
557 924 662 982 autem
694 909 919 978 vocabulorum
951 909 1218 977 terminationibus
1251 909 1385 976 maxime

258 1017 301 1088 ῖῐε
330 1031 363 1089 et
386 1009 509 1171 Ἰἱῖιῖἕει
534 1012 593 1086 Iunc
620 1017 854 1110 compendiaria
884 1019 933 1086 via
956 1022 1075 1110 scripta
1101 1041 1227 1088 errores
1253 1044 1385 1110 pepere-

259 1118 332 1176 runt
347 1118 389 1175 ta
402 1127 455 1172 es:

369 1241 424 1307 IX,
449 1243 509 1296 105.
527 1240 686 1294 notificatur
708 1267 743 1288 v·
795 1237 1000 1305 socnficaturus

369 1314 403 1378 V,
425 1315 469 1364 25.
528 1310 594 1362 odor
612 1312 648 1363 ibi
706 1337 742 1350 ·-
796 1307 919 1361 odoribus

369 1383 423 1447 VI,
445 1385 489 1436 94.
530 1381 588 1432 ibus
707 1408 742 1420 ·-
794 1378 841 1432 tbi.
875 1379 1045 1444 ctv1‚at.

371 1453 449 1517 VIII,
467 1455 510 1506 44.
530 1459 621 1504 natura
709 1478 743 1490 -
796 1457 924 1502 naturam

370 1523 410 1588 X,
430 1526 474 1576 40.
528 1529 646 1575 naturam
710 1550 746 1562 -
798 1529 917 1586 notura,
938 1524 965 1573 et
982 1536 1070 1590 saepe.

369 1643 465 1708 Haec
492 1640 598 1707 omnia
622 1642 772 1729 proposui
798 1653 832 1710 et
855 1641 1006 1731 exemplis
1032 1641 1187 1710 ilustrare
1207 1641 1333 1716 studui,
1354 1653 1387 1710 ut

260 1739 448 1817 appareret,
486 1748 570 1815 quae
598 1724 699 1791 ferme
728 1726 823 1795 fuerit
851 1727 990 1794 conditio
1019 1740 1052 1797 et
1080 1729 1182 1799 forma
1210 1727 1278 1794 eius
1307 1727 1387 1806 libri,

259 1836 300 1878 ex
329 1835 391 1902 quo
420 1811 506 1892 solo,
540 1811 568 1878 si
599 1811 770 1900 excipimus
799 1814 981 1900 fragmenta
1008 1816 1049 1880 ab
1078 1813 1143 1880 aliis
1171 1812 1387 1899 grammaticis

259 1896 464 1984 scriptoribus
486 1895 604 1985 passim
625 1907 767 1979 servata,
792 1899 893 1966 omnis
912 1907 1021 1966 nostra
1041 1899 1133 1966 huius
1153 1899 1258 1988 operis
1281 1911 1389 1964 manat

258 1983 378 2052 notitia.

963 2111 1072 2123 —-—-

371 2235 467 2302 Nunc
487 2233 530 2302 ad
555 2237 678 2304 tertiam
705 2235 859 2315 fatorum,
887 2237 1001 2324 quibus
1023 2237 1056 2303 hi
1077 2236 1145 2303 libri
1168 2235 1281 2320 agitati
1306 2245 1389 2312 sunt,

258 2329 380 2470 partem
408 2321 575 2408 pervenio,
605 2322 649 2389 ad
675 2321 933 2411 interpolatorum
961 2322 1073 2389 studia.
1117 2323 1210 2396 Quae
1232 2343 1304 2385 oum
1326 2321 1390 2385 iam

292 2407 430 2473 urnebus
453 2417 485 2472 et
508 2408 656 2495 Scaliger
683 2409 715 2474 in
739 2407 969 2496 exemplaribus
990 2408 1116 2475 Romae
1146 2407 1188 2471 ab
1210 2405 1389 2492 Augustino

257 2490 348 2557 editis
379 2490 531 2558 nonnullis
561 2492 638 2560 locis
663 2494 886 2580 agnovissent:
915 2505 1023 2558 nostro
1052 2506 1196 2580 tempore
1223 2489 1389 2556 [recubar-

257 2574 318 2643 dus
341 2577 601 2664 Spengelius
629 2578 671 2644 de
692 2580 837 2645 Varrone
865 2578 982 2664 optime
1003 2579 1133 2656 meruit,
1162 2574 1249 2678 quod
1276 2577 1389 2662 genui-

187 2711 189 2717 .
257 2683 330 2726 narn
358 2674 391 2727 et
411 2661 630 2747 interpolatam
653 2663 802 2728 orationis
826 2661 960 2728 formam
983 2663 1014 2727 in
1035 2663 1098 2729 boc
1118 2673 1274 2748 scriptore
1296 2682 1390 2728 muro

257 2742 398 2832 quodam
421 2745 584 2832 dissepsit,
614 2747 668 2836 qui
687 2767 849 2835 nunquam
871 2747 938 2812 sine
959 2763 1087 2814 summo
1103 2747 1216 2813 horum
1237 2747 1391 2812 librorum

256 2829 400 2917 periculo
427 2831 589 2897 transsiliri
616 2834 741 2919 poterit.
790 2832 868 2918 Ego
896 2843 1017 2899 tanturn
1041 2837 1170 2912 absum,
1202 2842 1237 2898 ut
1262 2833 1302 2898 ab
1326 2832 1391 2898 hoc

255 2915 501 3003 propugnaculo
533 2915 670 3002 gradum
700 2916 882 2995 retulerim,
916 2928 953 2984 ut
981 2920 1075 2986 etiam
1104 2916 1223 2984 firmius
1253 2917 1287 2983 id
1314 2917 1390 2982 mihi

257 3002 449 3068 emunivisse
481 3000 609 3069 videar:
653 3003 741 3091 quod
777 3002 804 3069 si
840 3003 953 3091 quibus
993 3004 1096 3071 aliter*
1116 3003 1288 3081 videbitur,
1332 3025 1391 3068 eos

256 3088 382 3170 rogabo
414 3098 449 3154 ut
478 3088 657 3155 accuratius
686 3090 804 3156 criseos
828 3110 847 3156 a
871 3110 921 3153 me
947 3091 1107 3157 exercitae
1132 3089 1222 3176 leges
1243 3088 1391 3174 introspi-

257 3170 351 3237 ciant
403 3169 471 3235 Sed
496 3173 629 3257 primum
650 3172 840 3254 dicendum,
873 3173 987 3260 quibus
1011 3176 1043 3242 in
1071 3174 1156 3240 libris
1179 3185 1265 3240 extet
1293 3174 1391 3238 inter-

257 3253 331 3344 pola
352 3253 433 3320 huec
455 3254 567 3323 borurn
588 3258 738 3326 librorum
760 3261 870 3326 iorrna.
1180 3275 1182 3284 ’

344 3387 373 3451 1.
416 3381 555 3451 Codex
574 3387 631 3468 B.,
659 3390 749 3457 cuius
777 3395 966 3478 scripturam
995 3389 1113 3458 Petrus
1136 3389 1293 3458 Victorius
1315 3412 1394 3454 eno-

257 3470 352 3552 tavit,
383 3469 573 3558 Spengelius
594 3475 768 3561 propbsuit.

341 3606 372 3670 2.
415 3603 581 3682 Codex,
619 3625 658 3668 ex
690 3625 755 3689 quo
785 3604 934 3669 Varronis
956 3602 1007 3669 'de
1035 3605 1074 3671 L.
1100 3605 1140 3670 L.
1166 3603 1263 3670 libros
1292 3601 1395 3668 edidit

256 3688 469 3756 Antonius
501 3687 772 3776 Augustinus
809 3711 891 3753 anno
919 3711 950 3774 p.
980 3687 1057 3753 Chr.
1086 3687 1257 3755 MDLIIII.
1286 3688 1393 3776 (quod

256 3795 362 3860 genus
384 3774 574 3860 exemplaria
593 3773 788 3926 {pengelius
810 3795 873 3839 nou
899 3771 1023 3838 novisse
1051 3774 1191 3854 videtur;
1220 3795 1303 3861 quae
1334 3772 1392 3837 de-

257 3858 383 3938 scribit,
416 3883 444 3924 a.
467 3859 593 3925 MDLV
627 3910 634 3927 .
662 3861 744 3948 typis
776 3881 926 3947 expressa
954 3870 1047 3940 sunt;
1093 3881 1130 3924 ex
1164 3859 1393 3946 antiquioribus

256 3964 353 4010 unum
375 3944 407 4009 iu
430 3943 621 4010 bibliotheca
642 3945 846 4032 Gottingensi
868 3944 1077 4030 asservatur).
1180 4025 1182 4029 y

371 4083 414 4146 Hi
436 4081 507 4147 libri
528 4081 610 4146 inter
625 4106 661 4147 se
679 4083 820 4150 simillimi
840 4083 1111 4171 interpolationem
1134 4079 1304 4146 ostendunt
1319 4103 1392 4168 per-

256 4163 373 4231 fectam
396 4168 486 4256 quasi
508 4177 541 4232 et
559 4167 745 4246 absolutam,
770 4167 804 4234 id
827 4180 876 4235 cst
897 4169 980 4236 nulla
1001 4166 1190 4234 verecundia
1209 4167 1392 4250 cohibitam,

257 4248 349 4348 quin,
381 4274 464 4338 quae
494 4246 632 4319 obscura
652 4267 685 4320 et
706 4254 832 4320 soloeca
862 4254 1060 4334 videbantur,
1081 4251 1123 4318 ad
1145 4276 1214 4320 eam
1241 4252 1393 4321 orationis

259 4336 391 4403 tormam
410 4338 594 4424 refingeret,
617 4358 680 4425 qua
701 4339 940 4426 interpolatores
961 4341 1019 4427 ipsi
1040 4339 1088 4405 usi
1110 4349 1227 4418 essent,
1248 4339 1274 4404 si
1296 4336 1393 4404 libros
