2864 4814
480 229 704 329 §.1-4-
1108 233 1160 309 75

42 399 142 494 tiuni
173 411 368 509 Κοΐντιον,
404 427 438 490 et
468 411 725 524 Ἀρίσταρχον
758 417 832 512 illi,
863 443 928 493 nos
959 416 1160 494 Aristar·

43 524 174 615 chum,
204 532 238 594 et
258 518 389 601 Δίωνα
413 520 620 618 Bionem3
658 523 730 614 sic,
755 523 918 621 inquam,
947 524 1161 598 consuetudo

43 636 144 696 nostra
179 622 289 695 multa
324 620 510 695 declinavit
546 633 586 695 ut
621 648 642 694 a
674 635 805 695 veter
838 623 1009 718 vetus*,
1047 637 1087 699 ut
1115 625 1204 698 abac

44 725 129 798 solu
162 725 361 821 so‚lum†,
394 722 437 795 ab
470 723 685 798 loebeso‘
712 723 926 820 liberam,
963 725 1006 798 ab
1032 727 1224 823 Lusi-22⁶

42 827 110 900 bus
142 825 306 921 Lares,
343 850 433 926 quae
464 825 587 899 obruta
620 836 789 900 uetustate
820 839 861 900 ut
891 843 1012 926 potero
1040 855 1161 904 cruere

42 925 192 1002 conabor.

128 1054 168 1129 5.
205 1058 372 1130 Dicemus
396 1059 509 1156 primo
532 1058 576 1130 de
598 1056 835 1157 temporibus,
862 1082 966 1155 quam
989 1086 1078 1159 quae
1098 1059 1199 1160 per2

41 1184 73 1229 ea
96 1157 205 1251 liunt,
242 1159 305 1231 sed
337 1162 385 1232 ita
414 1169 455 1230 ut
488 1171 567 1232 ante
601 1158 645 1232 de
670 1166 806 1232 natura'
820 1185 962 1254 eorum3
1004 1187 1044 1233 ea
1070 1165 1162 1234 euim

42 1259 101 1330 dux
124 1260 192 1332 fuit
211 1260 256 1333 ad
277 1259 448 1333 vocabula
472 1258 681 1358 imponenda
706 1260 852 1334 homini.
907 1263 1064 1360 Tempus
1085 1288 1163 1337 esse

42 1360 151 1433 dicunt
175 1362 395 1435 intervallum
420 1363 541 1434 mundi
562 1373 689 1435 motus.
728 1362 772 1433 Id
797 1361 948 1435 divisum
973 1365 1011 1434 in
1035 1367 1164 1462 parteis
1242 1431 1246 1436 .
1336 1441 1340 1448 ,

41 1462 160 1560 aliquot
196 1488 354 1536 maxume
381 1463 432 1536 'ab
468 1465 553 1537 solis
586 1476 620 1538 et
651 1465 755 1537 lunae
792 1490 922 1560 eursu3
967 1467 1085 1564 itaque
1119 1465 1163 1537 ab

40 1590 147 1636 eorum
168 1575 287 1640 tenore
308 1576 496 1666 temperato
516 1577 600 1639 tem
608 1592 688 1666 pus
713 1565 858 1660 dietum,
887 1565 980 1639 unde
1001 1578 1162 1664 tempe·

41 1668 146 1738 stiva
158 1695 170 1761 3
213 1679 248 1741 et
273 1693 294 1738 a
319 1679 414 1740 motu
445 1695 584 1762 eorum,
622 1669 682 1767 qui
712 1679 786 1742 toto
819 1667 915 1742 caelo
942 1670 1162 1765 coniunctus,

39 1767 233 1840 nundum

125 1895 168 1970 d.
206 1899 290 1971 Duo
316 1910 430 1972 motus
461 1899 579 1974 *saliet
617 1899 703 1972 alter
739 1925 819 1972 cum
854 1901 973 1993 caelo,
1016 1893 1087 1999 quo
1118 1899 1162 1972 ab

40 2002 155 2074 oriente
181 1999 226 2072 ad
251 2001 433 2073 oc'casum
454 2004 571 2092 venit,
608 2027 679 2099 quo
708 2013 846 2101 tempus
872 2002 909 2074 id
933 2001 977 2074 ab
1002 2001 1071 2076 hoc
1098 2002 1163 2078 deo

40 2099 119 2174 dies
142 2102 349 2200 appellatur.
402 2102 623 2177 Meridies
645 2100 689 2175 ab
716 2128 757 2176 eo
780 2103 875 2202 quod
900 2102 1035 2178 medius
1059 2103 1226 2200 diesJ‘rar

39 2201 242 2302 llantiqui‚
282 2230 354 2277 non
379 2207 416 2278 R
439 2207 476 2277 in
499 2205 570 2277 hoc
593 2204 778 2298 dicebant,
817 2216 856 2277 ut
886 2206 1079 2280 Praeneste
1107 2209 1161 2278 in·
1174 2201 1227 2212 '-

40 2304 136 2376 cisum
162 2307 200 2377 in
223 2306 351 2379 solario
371 2306 455 2377 vidi.
519 2304 750 2378 Solarium
775 2305 908 2378 dictum
933 2307 993 2400 id,
1028 2310 1066 2378 in
1091 2334 1162 2406 quo

38 2402 129 2481 horae
154 2410 192 2480 in
215 2406 289 2480 sole
308 2406 602 2508 inspiciebantur,
631 2406 726 2506 quod
749 2406 932 2480 Cornelius
957 2411 995 2479 in
1020 2407 1162 2481 basilica

38 2644 70 2689 est
84 2638 148 2694 inter
165 2641 338 2694 collocutores
357 2639 425 2708 apud
440 2641 582 2692 Varronem
597 2637 630 2692 de
642 2637 677 2692 R.
688 2638 723 2691 R.
733 2637 768 2692 ll.
803 2638 855 2691 Hic
872 2655 931 2692 eum
948 2641 1052 2696 Graece
1070 2639 1167 2700 doctus,

38 2717 110 2778 esset,
138 2713 216 2766 etiam
246 2714 348 2764 nomine
373 2714 477 2764 Graeco
507 2705 609 2762 videtur
640 2711 673 2763 ab
701 2711 791 2762 amicis
819 2727 898 2779 saepe
923 2714 1068 2780 appellatus
1095 2729 1162 2766 esse.

38 2779 201 2850 Kotmcochg.
247 2781 391 2851 Quinctiae
409 2783 440 2837 F.
482 2783 536 2834 Sed
560 2783 689 2835 Graecam
712 2797 802 2834 vocem
827 2781 852 2833 h.
871 2785 887 2834 l.
908 2783 1001 2849 fuisse,
1027 2786 1118 2838 lacuna
1135 2787 1163 2837 in

40 2851 81 2905 Ga.
98 2856 198 2922 probat.
227 2870 278 2906 om.
295 2854 349 2906 Hb.
390 2853 420 2906 In
437 2870 512 2920 seqq,
525 2855 628 2906 Graeca
646 2855 758 2906 servavit
774 2853 810 2906 Η.
830 2855 915 2907 latinis
932 2857 1014 2907 literis
1033 2857 1163 2924 expressit

38 2921 63 2973 F.
99 2943 147 2979 om.
166 2929 202 2982 G.
221 2941 280 2977 eum
299 2927 390 2978 lacuna
408 2927 466 2978 loeo
483 2941 506 2977 v.
526 2920 709 2994 Ἀρίσταρχον.
844 2942 863 2974 a
881 2935 955 2978 veter
973 2929 1076 2992 vetum]
1094 2929 1161 2981 coni.

40 2993 150 3063 Spengel.
187 3013 206 3046 a
224 3005 313 3047 cetere
330 2995 406 3050 codd.
529 2994 564 3046 ab
582 2995 641 3046 solu
659 2995 784 3062 solum†]
802 2995 877 3048 codd.
896 3013 1005 3063 quornm
1024 2998 1162 3051 lectionem

38 3069 123 3120 servavi
149 3083 296 3135 quanquam
326 3067 410 3120 adiere
437 3067 628 3134 inexplicatum.
684 3065 720 3116 cb
742 3066 798 3118 solo
823 3067 919 3118 solium
943 3069 1009 3120 coni.
1034 3069 1161 3135 Scaliger,

38 3151 165 3199 provocans
184 3139 219 3191 ad
235 3139 313 3191 Ennii
336 3155 427 3205 usam,
454 3140 559 3204 Fragm.
578 3142 660 3207 p.25.
678 3139 782 3190 Hessel.
889 3153 892 3159 ·
951 3137 1075 3207 locbceof]
1094 3141 1162 3192 coni.

38 3204 106 3260 litero
121 3211 197 3265 codd.
240 3211 307 3263 Illud
327 3218 416 3264 uotum
435 3226 469 3263 ex
486 3211 567 3268 Festo
591 3216 621 3262 ut
639 3209 787 3276 antiquane
816 3214 843 3261 et
860 3210 992 3278 antiquum
1009 3212 1163 3264 vocabulum

39 3284 151 3334 sententia
171 3283 223 3335 loci
240 3283 349 3348 flagitat.
469 3278 591 3347 liber-um]
611 3297 654 3347 vg.
691 3278 800 3331 liberam
818 3280 908 3348 codd,
928 3282 998 3350 quod
1016 3284 1163 3352 profectum

40 3357 92 3413 puto
109 3371 125 3406 a
141 3353 249 3407 librario
266 3355 352 3408 locum
369 3352 500 3421 explicare
518 3354 647 3420 cupiente.

135 3471 165 3539 3.
190 3457 284 3538 mundi
300 3485 400 3550 motus]
416 3494 444 3534 et
458 3483 497 3536 his
509 3485 643 3538 vocabulis
656 3486 682 3539 in
695 3485 771 3539 codd.
785 3446 947 3540 interiectum
965 3501 1024 3539 cum
1038 3485 1163 3540 Tumebo

37 3555 132 3634 aliisque
149 3559 233 3613 omisi.
346 3557 434 3622 motu]
452 3557 537 3622 Hah„
554 3564 584 3609 ut
598 3574 641 3626 vg.
677 3566 762 3610 motor
778 3559 810 3612 F.
829 3567 927 3609 motare
939 3559 973 3609 G.
987 3564 1018 3610 ut
1030 3557 1071 3611 ed
1081 3558 1162 3626 princ.

139 3679 171 3746 4.
199 3669 291 3746 'solim
317 3689 388 3742 alter'
411 3709 471 3742 cum
496 3690 584 3748 caelo,
610 3709 662 3763 quo
687 3689 722 3741 ab
748 3689 848 3742 oriente
873 3689 912 3739 ad
928 3687 997 3753 oct]
1016 3687 1162 3743 huiuemddi

41 3773 129 3818 versum
145 3765 170 3819 lr.
184 3767 202 3818 l.
220 3764 348 3818 excidisse
365 3761 427 3815 milri
445 3763 573 3831 persuasi.
618 3762 671 3813 duo
690 3771 778 3812 motus
797 3778 862 3812 caea
880 3760 955 3812 venit
975 3760 1067 3826 codd.‚
1091 3763 1162 3814 nullo

41 3829 134 3890 lacunae
153 3831 271 3902 vestigio.
307 3834 395 3887 Locus
413 3833 474 3886 milri
492 3835 628 3887 videbatur
644 3833 772 3901 aptandus
789 3847 847 3892 esse
864 3832 903 3884 ad
916 3848 947 3884 ea
963 3848 1030 3898 quae
1047 3835 1105 3896 §.a
1119 3849 1162 3886 see

41 3913 130 3960 cuntur.
188 3909 269 3974 quue
294 3921 385 3974 pamm
410 3907 527 3959 effecisse
551 3907 695 3972 putarerim
719 3905 845 3970 Papium,
872 3906 917 3970 qui
939 3903 1026 3956 Lectt.
1049 3905 1160 3956 Varron.

39 3988 61 4037 P·
70 3981 109 4030 51.
126 3979 192 4032 hunc
211 3978 414 4031 emendationem
430 3978 579 4044 proposuitr
604 3985 632 4026 et
650 3975 702 4026 duo
721 3983 809 4026 motae
826 3992 932 4025 eorum:
948 3974 1087 4045 alterque
1104 3984 1163 4026 toto

41 4045 101 4098 coelo
125 4051 282 4102 coniunctus
307 4047 423 4098 mundus
448 4065 466 4096 α
484 4051 542 4099 Deo
567 4056 656 4099 motus
680 4044 729 4112 (ab
747 4047 824 4113 ortu)
843 4064 965 4098 occasum
988 4047 1082 4104 venite
1111 4065 1163 4116 quo

41 4123 133 4186 tempus
152 4122 181 4171 id
199 4127 248 4174 etc.
284 4121 324 4172 De
343 4120 434 4172 eodem
452 4120 511 4172 loeo
529 4120 592 4172 olim
609 4118 679 4184 egit,
704 4117 751 4171 sed
769 4118 824 4173 sine
842 4118 942 4181 fructu,
967 4118 1001 4169 G.
1017 4118 1049 4170 D.
1065 4117 1165 4170 Koeler

40 4183 85 4239 Lit.
102 4194 156 4245 crit.
174 4194 200 4245 in
215 4194 360 4247 Varronem
378 4209 404 4258 p.
416 4194 441 4242 9.
578 4189 713 4242 Solarium
731 4222 804 4245 ....
821 4186 1042 4255 inspiciebantur]
1062 4205 1111 4240 om.
1130 4205 1164 4252 u·,

42 4257 99 4312 sicut
112 4264 152 4316 ed.
172 4265 268 4332 princ,
286 4268 313 4314 et
332 4263 436 4314 damnat
452 4262 576 4329 Spengel.
595 4260 714 4338 p3XLll.
740 4263 776 4314 Aa
794 4262 894 4313 iniuria.
929 4259 998 4313 Nam
1016 4261 1114 4322 Varro,
1134 4266 1164 4310 ut

44 4331 112 4399 solet,
136 4343 242 4406 usurpat
266 4334 426 4389 occasionem
449 4333 594 4402 explicandi
618 4333 727 4386 nominis
752 4333 855 4400 solarii,
880 4338 921 4398 et,
945 4331 1034 4385 nbiid
1054 4331 1163 4399 primun
