2864 4814
282 235 362 309 121
667 261 788 304 annun
830 259 1043 306 suasinus

384 415 449 492 15.
490 419 597 511 Quod
619 431 692 494 est:

223 611 226 618 ,
505 527 709 596 Terrarum
736 527 917 617 anfracta
943 526 1121 613 revisam3
1203 553 1206 562 ·

202 661 204 668 v
280 624 536 696 anfractum
561 637 614 698 est
638 625 787 718 flexum,
815 623 859 696 ab
881 625 1013 721 origine
1034 621 1165 718 duplici
1189 622 1343 714 dietum,
1371 624 1406 693 ab

221 753 274 820 aa
284 724 415 798 ambitu
445 737 481 797 et
513 726 726 826 frangend03
774 726 819 798 ab
852 751 893 798 eo
926 726 1019 821 leges
1055 723 1175 796 iubent
1210 727 1246 821 in
1281 723 1407 797 directo

284 827 410 930 pedum
438 828 534 900 vul
558 855 651 922 esse,
680 832 716 900 in
739 829 896 901 anfracto
917 827 1026 920 xvl,
1054 825 1090 896 id
1114 829 1228 899 estin
1252 824 1362 898 flexu.

377 959 442 1035 16.
483 965 643 1037 Ennius:

277 1074 281 1086 ¹
396 1091 445 1158 Ut
469 1089 534 1158 tibi
563 1090 708 1157 Titanis
741 1087 869 1159 Trivia
896 1089 1040 1157 dederit
1067 1088 1219 1181 stirpem
1245 1087 1405 1156 liberum.

277 1207 454 1278 Titanis
479 1207 642 1279 Trivia
668 1207 783 1278 Diana
808 1218 879 1299 est,
911 1204 955 1278 ab
977 1233 1018 1279 eo
1040 1205 1131 1279 dicta
1153 1207 1290 1299 Trivia,
1321 1207 1405 1302 quod

278 1310 315 1379 in
340 1309 442 1381 trivio
467 1310 608 1406 ponitur
629 1310 701 1381 iere
724 1311 762 1380 in
782 1308 919 1407 oppidis
941 1307 1106 1401 Graecis,
1131 1308 1188 1380 vel
1211 1309 1309 1406 quod
1331 1308 1404 1379 luna

277 1409 403 1482 dicitur
427 1436 525 1501 esse,
551 1437 640 1507 quae
664 1413 701 1481 in
727 1411 822 1482 caclo
847 1410 958 1482 tribus
976 1412 1042 1481 viis
1062 1421 1242 1503 movetur,
1269 1413 1310 1481 in
1337 1411 1403 1481 alti·

233 1531 269 1580 84
279 1511 432 1584 tudinem
457 1523 493 1584 et
516 1512 730 1585 latitudinem
760 1521 796 1584 et
827 1511 1090 1611 longitudinem.
1155 1513 1292 1584 'Titanis
1322 1510 1404 1583 dicta

214 1613 370 1709 {nequod
396 1639 471 1684 eam
498 1616 619 1713 genuit
645 1616 797 1687 Titanis*
824 1615 928 1687 Lato.
971 1616 1063 1716 Lato
1089 1616 1200 1707 enim,
1229 1626 1267 1687 ut
1289 1613 1404 1686 scribit

274 1715 460 1788 Manilius:

501 1832 555 1888 est
587 1819 702 1890 Coeo*
732 1833 861 1891 creata
895 1823 929 1892 T
927 1824 1038 1894 trano.

277 2020 434 2071 iamdudum
451 2021 564 2092 coquit,
589 2031 616 2072 et
638 2021 738 2090 patula
760 2040 844 2091 pecua
870 2042 942 2074 omne
966 2021 1017 2076 sub
1040 2023 1110 2076 ulmo
1128 2032 1176 2076 est.
1219 2023 1268 2076 dlii
1296 2023 1329 2076 de
1351 2029 1402 2074 nota

274 2093 362 2158 pecori
378 2094 461 2144 inusta
480 2095 602 2160 cogitant.

390 2188 438 2252 15.
472 2199 625 2267 Terrarum]
645 2201 685 2254 cf.
705 2200 803 2254 Nonids
821 2219 841 2254 s.
856 2217 881 2255 v.
898 2201 1039 2254 anfractum
1066 2219 1092 2268 p.
1107 2207 1167 2254 19³.
1185 2201 1316 2256 Messena
1343 2201 1420 2254 Ace..

276 2275 429 2334 Eurysace:
454 2274 541 2340 Super
558 2274 655 2322 Oceani
672 2283 772 2342 stagna
793 2274 853 2323 alta
875 2273 966 2340 patris
985 2275 1119 2324 t'errarum
1136 2274 1266 2340 anfracta
1285 2272 1420 2324 revisam*

273 2331 440 2400 Sic'Teucer
464 2346 565 2398 locutus
584 2350 624 2396 est
642 2345 794 2412 Hispaniam
813 2352 939 2397 terrarum
957 2345 1070 2396 omnium
1094 2335 1248 2422 extre'rnapa,
1284 2350 1399 2409 tanquan
1419 2311 1420 2383 i

272 2423 367 2469 nietam
385 2419 412 2470 in
426 2421 511 2480 Circo,
529 2421 628 2484 petens.
648 2416 681 2468 ci.
697 2425 782 2469 annot.
800 2417 831 2468 ad
846 2417 903 2481 VII,
919 2421 944 2468 3.
974 2415 1058 2468 Bothe
1075 2418 1106 2469 P.
1120 2419 1163 2468 Sc.
1176 2417 1207 2468 L.
1219 2417 1251 2482 V,
1265 2415 1286 2468 1.
1308 2433 1333 2483 p.
1344 2419 1398 2464 206.

270 2486 362 2554 fragm.
381 2494 408 2544 2.
527 2487 668 2556 anfracta]
688 2489 761 2540 FGa.
798 2488 936 2558 amfracta
954 2488 1006 2539 Hb.
1131 2488 1254 2552 revisam]
1274 2504 1303 2536 re
1322 2486 1399 2537 visam

272 2575 295 2610 a.
332 2577 360 2608 re
378 2551 464 2612 visum
482 2565 544 2613 cett.
565 2558 641 2612 codd.
677 2561 747 2610 rein
767 2560 841 2612 codd.
862 2559 977 2624 iungitur
1000 2573 1059 2610 cnm
1076 2559 1202 2611 vocabulo
1227 2558 1398 2611 antecedente.

272 2628 440 2698 anfractum]
454 2633 487 2682 G.
524 2629 690 2698 amfractum
708 2637 769 2682 cett.
788 2630 864 2682 codd.
898 2631 965 2682 Item
980 2629 1046 2680 infra
1063 2632 1183 2682 variatur.
1290 2630 1398 2696 flexum,
1418 2683 1419 2690 ἵ

273 2699 308 2747 ab
326 2701 426 2770 origine
446 2700 545 2766 duplici
564 2700 675 2766 dictura]
694 2708 734 2752 est
752 2702 825 2754 codd.
845 2702 937 2765 isctio,
955 2717 1030 2767 quam
1049 2700 1252 2769 interpungendo
1267 2700 1397 2767 explicavi.
1418 2719 1419 2749 r

270 2768 352 2838 leges]
370 2771 429 2824 XII.
450 2773 601 2824 tabularum.
644 2771 676 2823 V.
701 2772 802 2826 Puchta
826 2771 939 2823 Civilist.
957 2769 1094 2824 Abhendl.
1114 2791 1140 2838 p.
1151 2777 1193 2824 83.
1235 2771 1318 2837 Hugo
1334 2773 1397 2823 Hist.

270 2842 318 2892 iur.
334 2843 382 2893 civ.
397 2843 437 2894 ed.
451 2843 542 2894 undec.
560 2843 592 2894 T.
604 2843 624 2894 1.
644 2860 669 2909 p.
682 2847 743 2894 190.
857 2840 959 2910 iubent]
979 2841 1050 2893 viam
1068 2843 1139 2897 addit
1157 2844 1309 2911 Scioppius:
1334 2841 1397 2909 qnod

270 2913 428 2977 cogitatione
446 2914 614 2982 supplendum
633 2919 680 2965 est.
794 2913 882 2980 XVI]
891 2910 922 2965 F.
956 2915 1032 2965 VIII
1040 2915 1101 2966 GH.
1131 2917 1208 2966 XIV
1219 2931 1244 2966 a.
1279 2916 1362 2965 XIII
1375 2913 1396 2962 b.

270 2983 336 3035 lliud
354 3001 443 3038 aerum
462 2985 649 3050 esscNdubitari
668 2986 767 3052 nequit.
809 2985 841 3038 V.
860 2985 992 3052 Digestor.
1010 2985 1042 3037 L.
1051 2990 1077 3039 8.
1095 2986 1128 3039 de
1146 3002 1213 3038 serr.
1231 2984 1321 3055 praed
1339 2991 1395 3036 rust.
1417 3045 1418 3050 Ἰ

383 3097 433 3161 16.
469 3111 506 3160 Ut
532 3100 584 3160 ta'bi
608 3108 669 3175 etc]
696 3109 792 3164 Quidni
816 3110 842 3160 in
866 3109 942 3162 Ennii
965 3109 1060 3162 Medea
1086 3111 1233 3164 Colchicam
1259 3111 1395 3172 mulierem,
1417 3101 1418 3106 ’

270 3179 389 3233 Hecatae
406 3183 561 3245 ministram,
588 3182 627 3232 sic
645 3182 757 3232 locutam
776 3197 835 3232 esse
852 3197 992 3249 ponamus,
1019 3197 1070 3248 quo
1088 3185 1146 3235 loco
1165 3183 1233 3250 apnd
1250 3181 1395 3250 Euripiden

268 3252 365 3305 Medea
384 3255 473 3317 Aegeo
492 3250 567 3302 dicit:
595 3243 678 3308 οὕτως
697 3253 759 3320 {porc
778 3269 818 3302 σοι
834 3247 899 3318 raptis
912 3253 982 3302 θεῶν
997 3249 1148 3323 τελεσφόρος
1163 3257 1261 3318 γένοιτο
1279 3243 1395 3304 uuidn'r?

267 3325 344 3393 Apud
362 3323 484 3377 Bothium
502 3328 542 3372 est
558 3323 585 3373 in
602 3322 724 3387 Incertis,
741 3324 772 3377 P.
788 3325 831 3374 Sc.
847 3325 879 3375 L.
893 3325 926 3388 V,
941 3323 962 3377 1.
978 3341 1002 3391 p.
1012 3329 1055 3376 61.
1167 3327 1262 3394 genuit
1283 3321 1394 3375 Tituris'

267 3401 348 3448 Lato.
378 3399 450 3446 Lato
468 3393 547 3456 enim]
566 3394 631 3444 coni.
657 3396 698 3446 vel
723 3394 840 3461 exculpsi
862 3395 949 3462 potius
973 3411 1006 3446 ex
1031 3394 1132 3448 informi
1150 3398 1268 3448 codicum
1285 3395 1394 3448 materia.

268 3467 334 3519 Nam
353 3467 443 3520 codd:
468 3463 564 3534 genuit
581 3473 614 3513 ut
633 3462 679 3530 (ut
692 3482 741 3517 om.
754 3465 794 3530 b.)
812 3465 841 3516 in
860 3465 902 3531 (iu
913 3481 964 3520 om.
975 3466 1027 3517 Hb.
1054 3466 1083 3516 ui
1096 3465 1135 3532 a.)
1153 3467 1249 3534 plauto
1268 3466 1394 3533 (plautus

267 3538 378 3605 GHab.)
397 3537 486 3589 lutosa
505 3535 595 3601 (intua
609 3535 644 3585 G.
668 3534 758 3588 Iatoca
770 3536 805 3586 H.
827 3535 988 3588 latauneaa·
1012 3535 1106 3586 latona
1116 3537 1165 3604 b.).
1201 3537 1244 3590 Ex
1262 3537 1392 3590 TUTINP

266 3611 391 3662 LAUTO
415 3607 513 3666 LATO
537 3605 585 3657 ΕΑ
610 3605 661 3657 ieci
684 3606 829 3658 TITANIS
855 3606 953 3659 LATO
977 3607 1075 3659 LATO
1098 3607 1156 3661 EN.
1193 3612 1297 3662 Graeca
1315 3617 1392 3661 antem

266 3683 350 3733 torma
363 3681 387 3733 h.
397 3683 414 3733 l.
431 3681 575 3732 aVarronc
592 3683 713 3744 usurpata
732 3693 783 3728 non
801 3678 883 3743 magis
901 3678 1024 3743 offendet,
1041 3695 1117 3744 quam
1135 3679 1225 3731 Diona
1243 3687 1270 3733 et
1292 3681 1391 3731 Theona

267 3753 343 3816 VIII,
363 3756 405 3804 41.
430 3751 484 3814 lx,
504 3753 547 3803 42.
566 3754 593 3801 et
611 3751 694 3813 Iona,
719 3749 787 3816 qnod
805 3750 896 3816 scripsi
914 3749 992 3813 VlII,
1010 3753 1053 3801 21.
1092 3750 1131 3802 Cf.
1149 3751 1259 3820 geracia
1276 3753 1312 3818 V,
1331 3753 1392 3812 156,

154 3845 164 3864 ο
267 3829 294 3874 et
312 3829 398 3875 annot.
418 3822 449 3874 ad
465 3823 496 3886 V,
516 3825 575 3872 122.
602 3819 652 3884 VI,
670 3824 713 3872 33.
835 3821 923 3870 Coeo⁸
940 3822 1043 3885 creata]
1061 3821 1183 3874 Fortasse
1201 3825 1319 3876 asterisci
1337 3837 1392 3875 cau-

161 3919 165 3924 .
266 3896 336 3946 tione
362 3893 531 3962 supersedere
555 3897 686 3959 poteram,
710 3905 768 3942 nam
786 3891 855 3956 qnod
873 3898 912 3943 est
928 3891 954 3943 in
972 3892 1061 3944 codda
1095 3904 1230 3944 cocereata
1249 3894 1356 3960 (creata
1371 3909 1390 3943 a.

267 3975 392 4032 concepta
410 3965 451 4030 b.)
475 3980 527 4016 non
550 3964 598 4016 nisi
621 3979 671 4015 una
694 3963 795 4015 literuia
819 3964 898 4015 distat
922 3963 954 4015 ab
973 3980 1004 4016 eo
1023 3965 1092 4029 quod
1117 3967 1200 4032 posui.
1236 3967 1269 4018 V.
1289 3963 1389 4019 Hesiod.

266 4035 367 4102 The0g2
385 4041 446 4089 406.
618 4035 726 4098 Titano]
746 4030 820 4086 codd.
857 4036 902 4087 Sic
920 4036 1084 4100 antiquiores.
1127 4037 1158 4090 V.
1178 4037 1306 4091 Naevium
1329 4035 1388 4106 apud

266 4107 426 4161 Prisciannm
445 4107 484 4160 VI
487 4147 495 4173 ,
514 4125 538 4174 p.
549 4109 609 4161 619.
628 4105 674 4170 Ρ.,
701 4107 773 4157 cuius
790 4122 879 4157 versus
896 4106 934 4157 sic
951 4107 1121 4158 constituendi
1138 4117 1211 4161 sunt:

474 4181 603 4239 ,Inerant
621 4175 699 4246 signa
716 4193 855 4244 expressa,
878 4177 1004 4247 quomodo
1025 4176 1129 4232 Titani,
1171 4227 1178 4248 ἱ

488 4247 645 4313 Ricorparcs
664 4246 806 4317 Gigantes,
826 4249 965 4319 magnique
983 4247 1127 4312 Atlantes,

488 4318 616 4369 Rhuncua
634 4327 716 4388 atque
731 4321 903 4389 Purpureus,
920 4318 977 4386 fiu't
998 4321 1102 4370 Terras.
