2864 4814
448 254 484 354 5.
516 260 565 338 65
594 297 643 311 --
672 261 734 350 69·
1110 262 1165 338 99

50 437 157 532 surdi,
182 435 312 537 quom*¹
332 442 392 537 qui
414 442 461 512 ita
488 440 610 516 leviter
627 435 810 541 loquitur,
840 458 878 518 ut
904 449 1013 544 magis
1034 475 1054 522 e
1079 475 1165 526 sono

49 541 81 611 id
105 541 227 633 iacere,
254 568 358 639 quam
384 545 422 614 ut
443 543 684 642 intellegatur,
714 546 882 619 videatur.
937 550 1035 623 Hinc
1061 555 1164 626 etiam

49 651 160 739 potitae
182 649 458 718 murmurantia
486 650 608 718 litora.
660 646 829 720 Similiter
854 648 1060 743 fremere,
1097 680 1164 754 ge-

48 769 184 838 mere,
213 747 428 839 ciamare,
464 771 651 845 crepare
678 747 723 820 ab
744 745 966 826 similitudine
988 756 1087 826 vocis
1113 777 1230 848 sege-4}

49 847 131 917 nitus
155 847 279 921 dicta(
313 851 411 922 Hinc
437 849 497 920 illa
523 877 632 922 arena
651 849 815 946 'sortasnt3
843 857 996 946 fremor·
1024 861 1146 931 oritur
1154 893 1167 953 ,-

48 945 142 1021 hiuc:
265 1017 268 1025 .
900 966 905 978 '

150 1041 247 1122 *nihil
261 1055 330 1128 'me
359 1055 619 1149 increpitando
648 1080 857 1127 cornmoees.

48 1190 106 1265 68.
147 1195 273 1292 Vicina
301 1199 425 1272 horum
460 1203 701 1298 quiritaie,
746 1201 954 1274 iubilare.
1016 1205 1166 1297 Quiri·

47 1306 133 1368 tare
158 1296 285 1372 dicitur
315 1305 346 1374 is
371 1306 437 1400 qui
458 1303 635 1396 Quiritum
665 1302 770 1376 iidem
803 1301 956 1404 clamans
989 1307 1163 1404 implorat.
1177 1327 1241 1394 (aa)

46 1394 191 1486 Quirites
214 1427 235 1474 a
261 1401 498 1498 Curensibus5
534 1404 578 1476 ab
604 1403 660 1478 his
685 1407 747 1502 qui
772 1429 852 1476 cum
878 1406 983 1479 Tatio
1006 1409 1106 1506 Rege
1132 1413 1168 1481 in

47 1501 233 1573 societatem
258 1517 427 1590 venerunt
457 1508 617 1580 civitatis.
677 1508 729 1580 Ut
754 1508 917 1604 quiritare
938 1508 1166 1602 urbanorum,

46 1601 87 1670 sic
118 1602 320 1680 iubilare
353 1611 586 1704 rusticorum3
609 1605 744 1708 itaque
774 1607 837 1680 hos
871 1610 1008 1682 imitans
1041 1608 1168 1711 Apris·

45 1702 140 1797 sius†
167 1705 232 1777 ait:
279 1763 282 1770 .
582 1749 585 1760 ·

371 1815 406 1882 io
439 1813 575 1884 bucco!
616 1815 698 1908 quis
730 1837 787 1884 me
819 1812 977 1884 totitas?

151 1910 308 1981 Vicinus
336 1926 420 1984 tuus
447 1919 633 2011 critique&
1175 1996 1222 2040 24,

47 2029 99 2102 Sic
128 2037 414 2134 triumphare
447 2042 679 2140 appellatum,
722 2041 817 2138 quod
850 2065 929 2112 cum
958 2043 1165 2139 imperatore
1180 2053 1223 2064 ““

47 2133 161 2208 milites
200 2138 383 2214 redeuntes
422 2143 598 2216 clamitant
631 2169 694 2242 per
732 2142 853 2214 urbem
886 2145 923 2214 iu
958 2142 1167 2241 Capitolium

46 2238 150 2308 eunti:
192 2243 237 2310 Io
265 2246 467 2338 triumphe:
499 2246 537 2318 id
559 2272 580 2318 a
605 2239 816 2350 θριάμβῳ,
844 2243 1022 2321 *Graeco
1047 2245 1168 2319 Liberi

30 2353 285 2434 4οοισηιοηιιεὶιῑο,
320 2355 432 2442 potest
456 2346 609 2420 dietum)
667 2417 669 2422 .

148 2491 219 2565 69.
259 2494 492 2594 Spondere
516 2513 570 2574 est
597 2499 730 2574 dicere:
768 2497 941 2597 spondeo,
975 2512 1165 2597 asponte3

144 2727 198 2792 67.
223 2739 282 2790 seni
295 2741 379 2799 surdi,
397 2743 501 2814 quomt]
519 2745 624 2813 scripsi,
641 2743 764 2796 audacius
777 2758 839 2795 sana
858 2742 1006 2806 coniectura
1023 2748 1167 2810 provectus
1236 2799 1239 2808 ,

46 2809 139 2863 sonitus
158 2811 249 2863 dictus
267 2813 342 2865 codd.
492 2816 549 2886 qur]
569 2832 623 2880 non¹
637 2816 734 2868 mutavi
751 2817 777 2866 in
796 2813 865 2884 quis.
903 2814 986 2866 Varro
1004 2814 1095 2865 codem
1112 2815 1169 2866 iura

48 2877 67 2929 lt.
81 2881 96 2932 l.
114 2902 192 2954 quom
212 2882 259 2956 qui
277 2884 363 2937 dicere
381 2892 497 2953 poterat,
523 2903 574 2953 quo
591 2887 716 2952 inira·X,
734 2891 777 2938 60.
804 2895 907 2936 natare
930 2883 1088 2952 incorrupta
1107 2884 1169 2952 ple·
1197 2941 1202 2952 ·

47 2967 145 3022 rumque
170 2963 215 3006 est
236 2965 333 3024 suapte
357 2966 466 3024 sponte,
493 2958 568 3009 nisi
589 2961 649 3028 qui
674 2975 732 3008 eam
756 2975 808 3007 usu
833 2957 916 3007 inscio
938 2954 1110 3022 depravabit,
1142 2962 1170 3006 et

46 3020 143 3077 Cicero:
168 3025 223 3078 nisi
246 3027 279 3076 si
303 3027 363 3098 qai
382 3027 489 3096 publice
513 3027 550 3078 ad
572 3045 630 3078 eam
654 3046 708 3092 rem
733 3026 898 3079 constitutus
916 3033 999 3087 esset,
1024 3032 1052 3078 et
1069 3025 1168 3078 similia.

47 3091 96 3145 Hac
113 3099 138 3148 in
155 3113 200 3162 re,
216 3103 254 3149 ·ut
272 3099 298 3150 in
316 3099 385 3159 aliis,
405 3115 466 3152 suas
483 3101 566 3167 magis
584 3100 742 3166 grammatici
761 3101 833 3164 leges
851 3095 1018 3166 scriptoribus
1035 3098 1169 3166 imponere

47 3166 133 3234 solent,
157 3185 235 3237 quam
258 3171 361 3238 linguae
380 3171 516 3224 observare
534 3177 650 3224 naturam
670 3177 698 3248 et
714 3183 888 3239 progressum.

145 3291 200 3358 68.
230 3304 273 3357 his
286 3305 343 3376 qui]
361 3322 394 3358 ex
412 3323 455 3372 vg.
472 3307 574 3359 retinui.
603 3304 651 3376 qui
661 3319 712 3356 om.
725 3302 801 3356 codd.
872 3299 1006 3366 civitatis]
1019 3298 1166 3378 Scioppius.

48 3371 161 3430 civitates
179 3377 254 3431 codd.
350 3377 529 3445 Aprissius†]
548 3377 623 3430 codd.
648 3375 697 3428 disi
715 3375 784 3440 quod
804 3374 922 3443 apristus
940 3374 965 3424 b.
1003 3369 1169 3454 Chrysippus
1200 3415 1207 3426 ,

48 3442 149 3502 Tumebi
177 3447 269 3502 codex.
315 3448 384 3502 Hinc
406 3451 525 3516 Scaliger
550 3449 623 3502 Accii
649 3447 793 3515 Chrysippo
822 3448 906 3498 locum
932 3447 1048 3521 nostrum
1070 3442 1168 3492 tribuit.
1216 3475 1218 3480 ,

48 3517 120 3570 Antea
140 3521 225 3586 idem,
248 3534 298 3572 uon
316 3520 429 3584 felicius,
448 3526 607 3573 tentaverat:
633 3528 697 3586 apte
715 3518 816 3570 Atrius
834 3518 875 3566 ait
892 3516 921 3566 in
939 3513 1064 3596 Barcina.
1101 3511 1170 3598 ilinc

48 3585 65 3635 is
86 3590 168 3652 locus,
184 3597 187 3606 ’
201 3593 244 3658 qui
271 3594 373 3643 omniuo
397 3593 495 3644 alienus
519 3599 567 3660 est¹
580 3607 598 3643 a
621 3590 771 3656 tragoedia,
803 3589 879 3640 etiam
902 3601 968 3666 nunp
986 3583 1081 3649 legatur
1096 3587 1171 3633 mter

47 3655 178 3725 fragmenta
197 3661 365 3716 Baccharum.
384 3663 468 3716 Bothe
485 3666 516 3716 P.
537 3665 580 3716 Sc.
598 3661 631 3714 L.
648 3663 681 3726 V,
699 3662 720 3716 Ι,
740 3679 764 3728 p.
775 3663 835 3728 189.
949 3673 977 3738 lq
994 3651 1092 3702 ΜΘ]
1100 3653 1167 3720 ]Fa.

47 3725 148 3786 Turnebi
166 3737 223 3789 cod.
248 3734 297 3800 uisi
314 3734 383 3799 quod
402 3733 442 3786 hic
461 3731 536 3787 heco.
578 3733 608 3783 id
626 3731 690 3784 buco
705 3735 739 3784 G,
785 3728 930 3782 roboccob.
966 3743 995 3776 m
1008 3723 1113 3774 Bacche
1126 3739 1169 3790 vg.

48 3804 114 3870 taur]
132 3807 206 3859 codd.
225 3823 281 3860 ere.
301 3805 335 3856 G.
355 3807 399 3872 qui
417 3813 526 3870 atores,
545 3812 572 3858 et
584 3822 623 3871 a.‚
641 3805 684 3870 qni
704 3819 781 3864 avus,
800 3800 869 3866 quod
887 3797 1026 3866 Scioppius
1043 3797 1167 3847 voluerat.

48 3870 114 3923 Atra
131 3875 245 3930 Turnebi
263 3871 355 3928 coderl.
421 3889 422 3894 ’
503 3877 545 3943 Io]
561 3891 602 3944 vg.
639 3874 704 3926 ol'.
730 3873 820 3924 lactina
844 3873 869 3922 in
884 3871 918 3922 G.
943 3885 992 3922 om.
1008 3867 1049 3948 ab.
1083 3865 1169 3917 ‘lull

48 3947 121 3996 onnia
140 3947 232 4002 desunt
251 3939 313 4000 'iirde
333 3947 365 3998 ab
385 3941 467 3996 oleam
491 3949 515 4011 S.
533 3951 577 4000 66.
601 3961 681 4012 nsque
706 3943 740 3996 ad
763 3953 794 3992 ut
815 3959 868 3993 non
886 3941 998 4009 spondet
1016 3936 1061 3986 elle
1086 3940 1110 4018 §3
1125 3939 1169 3988 te.

48 4010 171 4084 dedaste]
190 4037 232 4087 vg.
282 4010 395 4069 trianiho
413 4013 443 4069 F.
477 4015 526 4070 orn'.
545 4020 585 4070 att
631 4017 661 4069 lu
680 4017 714 4068 G.
739 4015 831 4073 lacuna
855 4011 1076 4066 loco‘verbornrn
1099 4007 1130 4094 sd
1152 4026 1171 4056 a

48 4081 167 4154 θριάμβῳ.
281 4089 409 4156 ‘Graeco]
429 4093 488 4141 ante
507 4089 530 4143 h.
551 4107 574 4142 v.
595 4106 628 4138 oc
645 4087 717 4140 addit
735 4087 765 4139 F.
790 4087 867 4152 idque
886 4085 984 4150 recepit
1002 4081 1183 4163 Spengehas.·
1225 4123 1229 4134 ,

48 4168 63 4197 ¹³
78 4157 170 4211 addunt
188 4161 227 4213 ab.
256 4177 307 4214 orn.
320 4162 353 4214 G.
374 4167 403 4213 nt
421 4176 463 4226 vg.
572 4168 664 4230 potest
683 4157 795 4224 dictem]
808 4155 884 4210 codd.
920 4171 977 4205 esse
995 4167 1037 4219 vg.
1056 4150 1166 4213 additur,

48 4225 86 4277 set
110 4237 213 4285 temere.
249 4234 281 4286 V.
302 4231 334 4285 ad
353 4233 385 4298 V,
404 4235 447 4283 38.
747 4227 766 4254 ³

149 4341 199 4407 69.
225 4354 357 4426 Spondere
369 4363 409 4406 est
425 4352 523 4405 eiicere:
542 4355 675 4422 sporrdrod
690 4371 731 4422 vg.
751 4313 867 4408 ¹Priores
883 4354 925 4408 sis
940 4349 1168 4418 interpnrgeltantr

654 4541 657 4546 .
757 4453 779 4516 7
802 4452 815 4482 ⁴¹
