2864 4814
424 263 462 365 §-
496 271 569 348 ros
597 303 642 320 —
672 211 755 353 rra·
1104 267 1159 342 or

145 447 234 522 171.
273 445 378 522 Aeris
411 450 552 522 minima
585 477 666 550 pars
702 452 900 547 sertula,
939 457 1032 554 quod
1064 470 1159 531 sexta

39 580 108 654 pars
134 549 269 626 unciae.
334 551 579 626 Semuneia
609 553 704 653 quod
738 554 877 628 dimidia
903 582 984 655 pars
1009 562 1156 657 unciae,

41 684 77 730 se
107 655 196 728 valet
242 652 422 726 dimidium
463 666 503 728 ut
548 657 586 726 in
631 654 813 737 selibra
854 670 889 731 et
928 662 1154 738 semodio.
1199 707 1209 728 .

14 760 168 830 'Uneia
198 755 243 828 ab
275 780 346 828 uno
378 755 483 828 dicta.
551 757 750 832 Sextans
783 760 826 832 ab
858 788 899 835 eo
935 763 1030 861 quod
1061 777 1217 839 sextam

39 861 108 957 pars'
145 861 252 952 assis,
298 869 337 931 ut
375 855 600 957 quadrais
637 859 732 960 quod
763 875 982 958 quarta,‚et
1011 853 1210 939 triens*

40 961 121 1058 quod
147 963 248 1034 tertia
272 987 368 1059 pars.
423 960 570 1036 Semis
599 963 694 1062 quod
721 966 869 1059 nemias,
902 965 940 1038 id
965 977 1018 1039 est
1041 978 1081 1040 ut
1106 968 1184 1060 di·¹
1271 1015 1277 1032 ι

38 1063 168 1134 midium
203 1063 315 1155 assis,
354 1073 394 1135 ut
423 1089 528 1162 supra
564 1065 697 1142 dictum
731 1074 798 1136 est.
873 1066 1103 1165 Septunx
1138 1097 1158 1142 a

38 1176 156 1261 septem
180 1175 217 1239 et
241 1166 345 1236 uncia
375 1165 557 1238 conlisum.
729 1161 823 1239 172.
857 1169 1008 1265 Reliqua
1033 1169 1157 1244 obscu-
1168 1183 1231 1253 (41)

37 1268 136 1361 riona,
171 1267 268 1366 quod
301 1265 345 1338 ab
379 1264 634 1360 deminutione,
672 1277 708 1340 et
733 1293 886 1367 eaquae
913 1270 1215 1360 deminuuntury}

37 1368 75 1439 ita
92 1379 175 1441 sunt
199 1379 240 1442 ut
262 1379 431 1442 extremas
456 1367 607 1468 syllabas
628 1368 791 1462 habeant,
820 1370 912 1444 unde
933 1397 1003 1443 una
1023 1371 1161 1472 dempta

38 1473 127 1542 uncia
154 1471 324 1565 deunx,
362 1468 554 1545 dextans
580 1471 720 1568 dempto
747 1482 926 1570 sextante,
965 1472 1160 1548 dodrans

38 1569 164 1673 dempto
191 1572 405 1673 quadrante,
434 1571 530 1668 bes,
557 1582 597 1646 ut
621 1573 705 1647 olim
730 1573 825 1667 des,
854 1575 992 1673 dempto
1018 1577 1155 1650 triente.

123 1724 221 1800 175.
263 1727 311 1798 ·In
344 1737 487 1826 argento
517 1730 706 1823 nummi,
745 1727 782 1800 id
807 1727 851 1800 ab
877 1729 1022 1802 Siculis.
1075 1731 1218 1802 lle-48·

38 1831 149 1901 narii
172 1827 283 1927 ‚quod
320 1826 426 1901 denos
458 1830 547 1908 aeris
577 1828 764 1925 valebant,
811 1832 1026 1928 quinarii
1065 1831 1160 1929 quod

37 1933 169 2026 pinos,
205 1933 463 2023 sestertiuS,
492 1929 587 2027 quod
613 1929 749 2006 duobus
771 1933 875 2004 semis
897 1931 1050 2006 additur*
1078 1932 1159 2032 (du-

38 2033 172 2128 pondius
185 2034 286 2131 enim
304 2043 339 2104 et
355 2034 458 2104 semis
480 2035 642 2132 antiquus
665 2039 845 2106 sestertius
864 2032 950 2136 est),
978 2047 1013 2108 et
1032 2037 1159 2107 veteris

39 2135 282 2208 consuetudinis
308 2144 349 2205 ut
372 2145 467 2208 retro
491 2160 569 2208 aere
592 2133 765 2228 dicerent,
790 2137 840 2207 ita
862 2147 901 2208 ut
922 2139 1052 2209 semis
1078 2147 1158 2208 ter·

38 2237 134 2331 tius,
162 2246 354 2336 quartus
378 2237 514 2310 semis
537 2239 822 2336 pronuntiarent,
850 2237 893 2310 ab
916 2241 1019 2312 semis
1041 2241 1224 2335 tertiusgrj

35 2437 104 2489 olium
122 2459 206 2512 quum
219 2437 385 2510 formulam,
403 2446 432 2492 ut
450 2439 550 2507 scripsi,
565 2439 611 2504 lX,
626 2443 686 2493 103.
723 2449 775 2490 out
793 2439 859 2512 quid
875 2439 955 2491 uliud
970 2441 1003 2493 de
1020 2441 1055 2494 R.
1065 2441 1100 2494 R.
1114 2440 1162 2505 ΙΙΙ,

21 2511 75 2574 13,
94 2515 118 2564 3.
163 2512 287 2578 Eumque
299 2526 385 2563 'usum
409 2513 526 2577 sequitur
544 2513 645 2564 Gellius
664 2511 752 2562 aliave
772 2529 826 2582 qua
845 2511 919 2570 labe,
944 2511 973 2579 1,
993 2516 1042 2577 12,
1067 2515 1108 2576 1.,
1134 2518 1163 2563 ct

35 2583 100 2636 etiam
116 2585 323 2653 praestantiores
340 2583 488 2651 scriptores.
525 2584 679 2650 Quanquam
696 2584 773 2636 etiam
788 2586 959 2638 contrarium
984 2582 1019 2634 ab
1033 2583 1092 2638 alia
1108 2582 1161 2632 ali-

35 2669 79 2720 quo
95 2674 138 2712 re,
156 2655 231 2723 quod
249 2654 320 2720 vni,
339 2657 382 2706 21.
402 2654 545 2723 reperitur,
566 2661 656 2708 nostro
674 2657 794 2724 scriptori
811 2672 863 2709 non
881 2654 1079 2710 abiudicandum
1102 2654 1160 2706 erit.

134 2756 212 2823 171·
239 2771 278 2836 se]
297 2787 339 2838 vg.
376 2771 415 2822 sic
439 2769 514 2822 codd.
616 2831 619 2839 Ὺ
664 2769 782 2839 diuma.
803 2778 829 2825 et
846 2773 1002 2826 Priscianus.
1028 2788 1079 2824 cnr.
1098 2778 1161 2825 cett.

36 2839 130 2908 samias]
144 2843 296 2896 Turnebus.
332 2841 410 2893 semis
425 2840 499 2896 codd.
519 2847 546 2894 et
558 2842 715 2896 Priscianus.
828 2843 922 2910 idest]
942 2845 1048 2898 iduum
1066 2845 1162 2896 lineola

35 2913 167 2968 transversa
189 2931 237 2984 per
255 2913 274 2964 d
291 2914 418 2967 Prisciani
435 2912 493 2965 cod.
515 2913 697 2980 Monacensis,
721 2915 790 2967 unde
809 2915 966 2982 Spengelius
983 2915 1052 2965 idem
1070 2917 1161 2980 legen·

37 2979 86 3034 dun
103 2987 232 3057 proponit.
275 2985 342 3037 lllud
371 2985 507 3053 praeiere,
531 2985 563 3034 id
582 2995 624 3036 est
643 2994 675 3036 ut
701 2987 842 3052 significat:
872 2987 920 3040 hoc
944 2987 1013 3039 idem
1038 2987 1107 3038 valet
1131 3001 1162 3036 ac

37 3053 53 3102 si
68 3055 167 3111 dixeris.
205 3057 431 3121 cf.inlra§.178.
450 3055 559 3106 Praeda
576 3065 618 3107 est
636 3089 646 3108 .
657 3088 688 3110 0.
708 3067 740 3107 ut
758 3055 864 3124 paride.
986 3055 1126 3121 conlisum]
1137 3073 1160 3108 a.

37 3129 58 3175 ct
68 3128 120 3182 cod.
132 3129 272 3198 Augustini
287 3134 315 3181 et
328 3129 394 3182 alius
405 3128 531 3196 Scioppii.
567 3126 688 3180 collisum
702 3127 859 3182 Priscianus.
895 3126 1161 3182 conclusuml'GHb.

135 3219 209 3306 172.
245 3249 327 3318 unde]
345 3251 471 3306 Prisciani
496 3251 552 3304 cod.
571 3233 736 3304 Monacensis
755 3249 903 3318 (sequentia
920 3251 956 3303 ita
976 3256 1160 3320 transponensc

37 3321 131 3393 dempto
149 3343 207 3380 una
226 3323 330 3391 uncia).
367 3339 417 3375 om.
437 3328 498 3376 cett.
517 3323 642 3376 Prisciani
658 3323 734 3376 codd.
771 3333 803 3374 ut
821 3322 853 3374 de
870 3323 966 3376 GHab.
996 3332 1028 3374 ur
1043 3340 1061 3372 a
1075 3321 1160 3372 decem

36 3392 60 3446 ll.
92 3407 122 3447 ut
139 3415 159 3450 a
178 3394 331 3460 duodecim,
349 3395 503 3464 interpolata
521 3395 646 3461 lectione,
666 3411 708 3462 vg.

135 3497 210 3565 173.
237 3511 351 3578 denaria]
368 3510 472 3562 denarii
484 3510 557 3582 quod
569 3509 673 3562 denarii
686 3509 794 3578 (denari
805 3511 869 3578 Ga.)
878 3508 974 3563 Gllab.
1089 3507 1162 3578 quod
1249 3565 1252 3572 Ι

37 3579 220 3637 duobusramis
238 3582 367 3634 additur*¹
389 3583 455 3636 coni.
492 3581 595 3634 duobus
608 3582 686 3634 semis
697 3582 853 3646 Priscianus,
871 3582 973 3634 omissis
986 3577 1071 3630 verbis
1090 3578 1162 3649 quod

37 3659 58 3704 et
73 3655 192 3710 additur.
229 3653 301 3726 quod
318 3653 511 3706 semistertius
529 3656 652 3707 Varronis
670 3655 745 3708 codd.
783 3655 837 3707 Sed
856 3652 933 3718 baec,
951 3665 1096 3726 quanquam
1113 3667 1160 3703 ve-

36 3729 108 3793 tusta,
125 3727 262 3780 manifesta
279 3731 365 3778 tamen
383 3732 423 3777 est
440 3727 619 3795 interpolatio,
644 3733 701 3779 orta
719 3733 748 3791 ut
765 3725 868 3778 videtur
885 3742 901 3778 e
919 3724 1030 3776 lectione
1048 3717 1160 3788 dntiqui-

35 3799 69 3847 tus
86 3801 195 3853 turbata.
214 3799 299 3856 .Nam
313 3798 455 3849 Varronem
473 3799 510 3851 sic
529 3799 579 3850 icon
597 3799 730 3866 scripsisse
749 3797 891 3863 intelliget,
910 3794 1025 3863 quisquis
1044 3795 1160 3861 expliea-

36 3869 118 3936 tionis,
137 3887 216 3938 qnam
235 3869 375 3938 proposuit,
395 3870 520 3922 rationem
538 3875 658 3922 accurate
677 3875 854 3937 persequetur.
926 3867 1011 3920 Simul
1029 3863 1070 3916 bic
1087 3866 1160 3918 locus

35 3940 99 3993 aliter
122 3941 319 4008 distinguendus
338 3945 408 4004 erat,
434 3946 511 4006 atque
529 3939 612 3994 adbuc
629 3942 730 4006 tiebat,
748 3957 807 3992 cum
825 3944 885 3992 ante
902 3939 955 3990 Est
973 3945 1001 3988 et
1018 3935 1116 3987 vereris
1134 3942 1161 3989 et

35 4017 85 4064 ante
102 4011 146 4065 Ab
164 4015 242 4064 seinis
259 4011 343 4078 τελείᾳ
362 4013 599 4079 interpungebatur.
635 4014 721 4069 Quam
738 4027 772 4064 ex
789 4011 828 4064 lris
847 4010 969 4064 membris
984 4007 1076 4061 solutis
1088 4024 1160 4060 com-

35 4085 100 4144 posui
123 4085 274 4153 periodum,
300 4099 357 4136 eam
376 4100 391 4135 a
409 4084 531 4136 Varronis
554 4101 650 4150 genere
674 4084 803 4136 scribendi
827 4099 879 4136 non
903 4079 1059 4146 abhorrere,
1084 4079 1161 4133 facile

36 4157 137 4208 sentient
154 4158 299 4225 peritiores.
335 4154 375 4206 cf.
395 4155 472 4208 etiam
490 4155 536 4220 Vl,
555 4161 581 4224 6.
710 4154 789 4206 semia
809 4155 921 4218 tertius,
939 4159 1055 4222 quartus
1071 4151 1162 4218 semis]

34 4220 125 4280 FGHa.
174 4227 251 4278 semis
275 4225 390 4283 tertius,
417 4223 495 4277 seruis
518 4233 649 4296 quartus,
676 4226 701 4278 b.
718 4233 750 4279 ut
767 4227 883 4292 videtur,
909 4223 975 4276 sicut
992 4238 1035 4290 vg.
1084 4223 1163 4274 camis

35 4295 150 4362 quintus,
170 4299 247 4350 semis
266 4307 398 4368 quartus,
415 4295 493 4349 semis
511 4297 610 4348 cercius
627 4297 796 4365 Priscianus„
829 4301 904 4356 Quae
922 4295 1007 4347 omnia
1023 4299 1084 4348 nata
1103 4300 1163 4345 sunt
1214 4301 1220 4314 ’

36 4380 63 4417 er
75 4383 160 4423 errore
176 4371 291 4424 ridiculo.
329 4370 433 4437 Quippe
452 4384 502 4430 uon
521 4367 721 4436 intelligebatur,
740 4379 811 4422 retro
830 4387 891 4422 aare
909 4365 994 4417 dicere
1012 4363 1074 4416 nibil
1092 4364 1163 4416 aliud

643 4466 808 4530 ,5,
