2864 4814
399 1079 402 1086 .
447 1025 452 1056 t
544 1019 587 1084 Μ.
617 1015 826 1084 TERENTI
866 1013 1094 1082 VARRONIS

323 1214 1316 1303 onn1nooanan1na

793 1412 844 1459 sn

461 1541 505 1608 M.
539 1537 796 1606 TULLIUM
840 1538 1173 1608 CICERONEM

644 1710 782 1763 LIBER
807 1711 989 1764 SEXTUS.

126 2160 237 2235 cml
265 2155 302 2229 l.
323 2080 529 2258 Origines
555 2161 741 2236 verborum
764 2187 853 2259 quae
878 2163 948 2233 sint
972 2159 1148 2254 locorum,
1177 2173 1212 2234 et
1232 2186 1273 2236 ca
1296 2147 1379 2260 quac
1422 2215 1423 2254 p

170 2261 285 2334 t·51in
307 2260 382 2350 his',
409 2262 447 2332 in
472 2265 587 2361 priore
612 2265 702 2337 libro
727 2265 865 2362 scripsi.
919 2263 964 2333 In
988 2263 1056 2335 hoc
1081 2264 1193 2336 dicam
1217 2263 1260 2336 de
1280 2290 1379 2336 voca·

196 2341 343 2458 J-g-Zbulis
372 2373 566 2463 temporum
592 2377 627 2439 et
651 2393 769 2439 earum
801 2391 918 2437 rerum
951 2389 1039 2463 quae
1071 2367 1109 2435 in
1137 2365 1271 2465 agendo
1297 2366 1381 2439 fiunt
1422 2359 1423 2406 ³

200 2470 310 2535 ”aut
331 2464 497 2544 dicuntur
518 2492 598 2540 cum
619 2481 772 2566 tempore
795 2468 925 2564 aliquo⁹
954 2478 993 2538 nt
1019 2465 1216 2560 sedetur,
1244 2466 1379 2540 ambu-

247 2565 398 2658 latur,
435 2568 700 2665 loquontur.
755 2567 876 2665 Atque
901 2569 932 2639 si
956 2581 1151 2666 quaerunt
1176 2595 1220 2642 cx
1245 2568 1380 2642 diverso

248 2691 376 2763 genere
402 2667 577 2761 adiuncta,
603 2675 719 2770 potius
740 2671 936 2770 cognationi
960 2669 1145 2742 verborum
1163 2696 1268 2769 quam
1287 2672 1381 2743 audi·

247 2768 317 2838 tori
346 2768 569 2844 calumnianti
594 2800 754 2871 geremus
779 2797 923 2844 morem.
1033 2799 1035 2804 ’
1108 2770 1148 2843 2.
1192 2773 1312 2846 Huius
1335 2775 1382 2844 rei

248 2877 371 2941 auctor
391 2873 474 2944 satis
495 2873 580 2944 mihi
599 2873 816 2973 Chrysippus
840 2885 875 2946 ct
891 2869 1091 2969 Antipater,
1119 2884 1154 2945 et
1174 2872 1225 2945 illi
1247 2877 1285 2946 in
1306 2877 1380 2974 qui·

247 2969 336 3065 bus,
370 2974 402 3044 si
436 2999 508 3047 non
541 2986 676 3048 tantum
697 2973 899 3067 acuminis,
938 2986 974 3046 at
1002 2973 1082 3073 plus
1114 2974 1311 3069 literarum,
1348 2978 1382 3048 in
1423 3031 1424 3046 .

249 3097 319 3169 quo
344 3084 397 3147 est
420 3071 675 3175 Aristophanes
696 3089 732 3150 ct
752 3076 1011 3177 Apollodorus,
1039 3079 1100 3175 qui
1122 3080 1256 3150 omneis
1277 3077 1381 3150 verba

248 3198 293 3244 ex
326 3173 442 3247 verbis
474 3180 523 3250 ita
559 3173 726 3252 declinari
757 3178 933 3270 scribunt,
967 3188 1008 3271 nt
1036 3176 1142 3252 verba
1173 3179 1290 3252 literas
1317 3179 1380 3252 aha

175 3286 438 3368 (coassumant,
466 3278 534 3351 alia
558 3283 707 3373 mittant,
735 3281 803 3354 alia
829 3289 1052 3371 commutent,
1080 3291 1120 3352 ut
1138 3279 1180 3354 fit
1201 3283 1239 3353 in
1258 3281 1381 3355 turdo

248 3386 283 3448 et
306 3377 508 3454 tur-dario
531 3380 593 3453 .Τ.
618 3382 889 3480 turdelicels.
944 3381 1007 3454 Sic
1027 3381 1239 3456 declinantes
1255 3382 1381 3456 Gracci

192 3489 365 3576 ffinostra
389 3485 529 3556 nomina
555 3482 678 3556 dicunt
701 3485 946 3558 Lucicnnm
971 3482 1171 3567 Λευκίενον
1193 3496 1227 3559 ct
1243 3485 1379 3578 Quin.

361 3687 392 3778 ς.
406 3689 435 3756 Ῑ.
454 3705 678 3778 ΙοᾳιιοηίιινΠἩ.
715 3705 864 3778 loquuntur
881 3707 916 3759 G.
935 3712 962 3758 et
977 3711 1007 3757 ut
1024 3707 1076 3759 vid.
1094 3707 1135 3759 ab.
1248 3704 1379 3777 geremus]

249 3775 274 3827 b.
294 3781 324 3827 ut
341 3792 383 3844 vg.
421 3795 525 3830 oremus
542 3785 603 3832 cett.
624 3777 699 3832 codd.
1230 3821 1234 3830 ,

359 3881 390 3945 2.
417 3892 580 3961 Antipater,
599 3900 627 3945 ut
645 3892 762 3958 videtur,
779 3893 914 3945 Tarsensis
933 3899 986 3958 est,
1011 3894 1135 3959 Diogenis
1152 3891 1290 3958 Babylonii
1305 3889 1377 3944 disci·
1423 3927 1424 3934 1

122 3973 132 3996 ·
248 3967 339 4032 polus,
363 3965 503 4018 Carneadis
521 3965 697 4029 adversarius,
722 3966 834 4017 Stoicus.
871 3966 1043 4033 opponuntur
1061 3964 1085 4016 h.
1104 3968 1134 4030 l.‚
1166 3966 1233 4016 sicot
1251 3979 1331 4031 supra
1348 3962 1378 4020 V,

248 4043 289 4100 9.,
315 4035 459 4105 philosophi
477 4034 593 4088 homines
611 4039 785 4100 grammaticis
803 4037 959 4089 doctoribus.
998 4095 1002 4102 ⁵
1071 4067 1073 4074 ·
1106 4033 1213 4098 ommis]
1223 4035 1254 4088 E.
1295 4049 1377 4084 onmes

231 4109 238 4140 ¹
246 4112 309 4159 cett.
346 4109 387 4162 Cf.
406 4114 492 4161 annot.
512 4106 544 4158 nd
563 4108 595 4170 V,
613 4113 639 4160 5.
806 4117 833 4158 et
851 4107 976 4160 tardatio
997 4111 1028 4159 Τ.
1047 4106 1214 4172 turdeliccfl
1230 4104 1309 4158 codd.
1334 4101 1376 4156 nisi

245 4179 315 4243 qnod
331 4177 361 4228 in
378 4196 425 4246 pro
439 4188 466 4228 et
479 4181 513 4230 G.
542 4177 675 4228 turdalice
689 4181 723 4231 G.
751 4179 879 4231 turdelite
892 4179 927 4234 ll.
965 4178 1045 4230 turdo
1064 4177 1126 4228 licet
1143 4178 1184 4229 b.'
1205 4176 1376 4230 coniectando

247 4248 310 4302 nihil
328 4251 443 4302 notabile
461 4249 544 4300 adlruc
563 4247 587 4299 h.
606 4251 622 4301 Ι.
643 4251 764 4302 ellectum
782 4258 831 4304 est.
952 4250 1098 4300 Lucienum
1116 4249 1261 4316 Λευκίινον]
1279 4247 1375 4315 scripsi.

245 4319 392 4374 burianum
417 4318 552 4371 leucicnon
572 4318 719 4384 (turriam
736 4323 770 4374 H.
798 4339 848 4376 om.
866 4321 933 4390 Gb.)
953 4321 1027 4374 codd.
1072 4323 1106 4378 Q.
1124 4320 1254 4372 Lucienus
1277 4326 1377 4372 senator
