2866 4812
265 228 347 303 174
507 284 514 302 .
651 253 1012 302 trsrnocrlvus.
1115 279 1117 286 ·

183 473 185 480 ψ
230 416 258 490 8
369 413 438 489 20.
481 415 525 487 lu
557 413 742 488 verborum
768 439 893 512 genere
924 361 1014 512 quad
1043 425 1202 514 tempora
1228 416 1378 518 adsignifi-

175 541 182 553 ‘
269 534 368 611 eant,
395 517 491 617 quod
516 543 555 590 ea
581 526 689 608 erant,
703 518 791 609 tria,
823 520 1064 618 praeteritum,
1097 543 1285 616 praesens,
1307 522 1379 593 futu·
1407 598 1408 618 ,

268 647 366 692 rum:
404 619 589 698 declinatio
614 615 772 690 facienda
798 617 864 690 fuit
888 619 1034 716 triplex,
1068 630 1108 691 ut
1135 620 1304 712 saluto,
1332 650 1379 694 sa·
1407 619 1408 652 ¹

210 720 488 812 momeliam,
524 719 756 793 salutabo:
789 745 896 816 (Ῑιιοω
922 723 1002 793 item
1028 746 1257 818 personarum
1281 737 1400 795 natura·

207 819 394 922 *triplex
418 833 529 914 esset,
562 825 623 918 qui
646 821 863 918 loquetetur,
892 822 937 892 ad
963 823 1096 920 quem*,
1126 823 1171 894 de
1194 850 1282 922 quo:
1314 831 1379 897 haec

267 925 312 998 ab
345 924 464 996 eodem
503 922 610 996 verbo
651 921 820 995 declinata
832 951 843 1017 3
891 949 982 1021 quae
1018 926 1054 995 in
1085 927 1188 1022 copia
1221 926 1378 1000 verborum

267 1024 542 1124 explicabuntur.
1072 1051 1076 1087 ;

232 1149 259 1222 9
370 1145 436 1220 21.
476 1146 652 1238 Quoniam
673 1137 805 1217 dictum
829 1144 872 1219 de
898 1145 1056 1239 duobus,
1088 1147 1288 1221 declinatio*
1312 1173 1378 1244 quor

220 1301 224 1306 ·
268 1263 302 1324 et
327 1253 364 1321 in
393 1275 462 1347 qua
492 1251 536 1321 sit
562 1247 694 1320 forma:
731 1249 870 1319 tertium
895 1247 991 1344 quod
1015 1250 1247 1347 relinquitur,
1284 1275 1377 1346 quem·

268 1350 475 1442 admodum,
515 1375 610 1421 nunc
644 1348 789 1421 dicetur.
853 1350 1139 1423 lleclinationum
1172 1359 1377 1450 generarunt

269 1453 356 1548 duo‘,
389 1453 642 1542 voluntarium,
670 1461 704 1522 et
727 1450 894 1523 naturale.
948 1453 1199 1526 Voluntarinm
1219 1463 1289 1545 est,
1313 1477 1375 1548 quo,

267 1567 307 1628 ut
328 1556 524 1652 quoiusque
547 1552 627 1625 tulit
649 1552 829 1645 voluntas,
866 1552 1064 1627 declinavit.
1119 1555 1185 1628 Sic
1208 1567 1276 1626 tres
1295 1579 1377 1650 quon

267 1668 426 1728 emerunt
448 1654 582 1750 Ephesi
607 1653 763 1752 singulos
789 1659 927 1747 servo's,
956 1670 1215 1754 nonnunquam
1235 1656 1315 1726 alius
1334 1653 1376 1723 de·

269 1758 374 1829 clinat
395 1780 522 1828 nomen
548 1753 592 1826 ab
618 1779 680 1846 eo,
711 1757 772 1850 qui
794 1757 919 1839 rendit¹
934 1753 1275 1848 Artemidorus,
1299 1766 1376 1850 atque

222 1897 224 1907 ·
267 1856 610 1931 Artemidorum
643 1856 738 1926 sive*
777 1853 1011 1930 Artemam
1044 1859 1219 1956 appellat:
1262 1857 1375 1929 aliusa

208 1963 410 2061 porregione
435 1956 530 2058 quod
559 1956 608 2030 ibi
636 1959 739 2047 emit,
781 1956 825 2029 ab
861 1958 981 2052 Ionia,
1016 1961 1129 2033 lona
1143 1989 1156 2057 3
1196 1960 1280 2032 alius
1304 1953 1375 2054 quod

208 2089 260 2136 109
270 2062 426 2158 Ephesi,
463 2059 736 2157 Ephesium,
772 2061 823 2131 sic
847 2059 937 2134 alius
963 2060 1006 2133 ab
1036 2061 1105 2134 alia
1132 2063 1319 2160 aliquare,
1347 2065 1375 2126 nt

162 2161 163 2168 '
267 2165 379 2235 visum
405 2174 468 2236 est.
638 2157 707 2230 22.
750 2159 881 2234 Contra
914 2161 1107 2236 naturalem
1141 2164 1374 2237 declinationem

267 2264 366 2357 dico,
404 2290 492 2362 quae
521 2288 593 2334 non
617 2287 639 2332 a
668 2263 884 2360 singulorum
918 2267 1028 2338 oritur
1061 2265 1259 2358 voluntate,
1290 2261 1373 2334 seda

267 2369 443 2438 communi
463 2381 647 2440 consensu.
702 2366 825 2462 Itaque
844 2391 977 2459 omnes,
998 2370 1170 2465 impositis
1193 2363 1372 2449 nominibus,

245 2516 247 2522 ν
267 2495 386 2540 eorum
408 2470 491 2540 item
519 2465 696 2540 declinant
725 2492 848 2559 casus,
881 2478 985 2566 atque
1008 2471 1131 2542 eodem
1158 2467 1259 2556 modo
1280 2465 1373 2536 dicunt

266 2569 372 2641 huius
401 2565 641 2657 Artemidori,
677 2579 712 2639 et
745 2567 850 2639 huius
879 2570 998 2662 Ionis,
1036 2582 1070 2644 et
1099 2570 1205 2644 huius
1231 2565 1370 2665 Ephesii:

268 2672 382 2741 sicin
410 2668 548 2741 casibus
572 2669 663 2740 aliis.
802 2665 871 2740 25.
914 2669 1004 2744 Cum
1029 2684 1218 2772 utrumque
1241 2691 1372 2743 nonnun-

267 2796 373 2877 quam
400 2770 557 2864 acoidat,
591 2783 626 2843 et
649 2772 749 2842 utin
773 2770 968 2846 voluntaria
992 2772 1222 2850 declinatione
1248 2763 1372 2844 animad-

266 2975 336 3042 quod
353 2977 421 3030 ratio
438 2977 518 3029 totius
543 2977 646 3044 generis
671 2977 723 3030 iam
747 2970 908 3046 intelligitur.
945 2979 1091 3036 Mutatione
1107 2999 1124 3036 a
1142 2980 1256 3034 Koelero
1270 2959 1316 3028 Lit.
1331 2968 1371 3022 crit

267 3066 294 3114 p.
306 3052 348 3101 16.
368 3050 502 3118 proposita
518 3065 569 3102 nou
588 3055 628 3102 est
644 3065 718 3117 opus.

381 3151 435 3218 20-
456 3163 600 3234 futurum]
618 3168 649 3220 F.
674 3177 702 3218 et
720 3167 855 3236 futurum
874 3165 951 3218 GHe.
982 3201 985 3206 ·
1083 3166 1123 3217 ad
1139 3165 1238 3239 quem]
1255 3178 1300 3216 om.
1316 3151 1370 3210 coll

266 3236 318 3302 Vg.
337 3234 402 3288 lraec
420 3236 500 3289 verba
518 3244 577 3304 post
596 3237 627 3288 de
645 3257 698 3310 quo
716 3239 861 3305 adduntur,
885 3238 969 3292 minus
987 3243 1056 3306 apte.
1180 3251 1185 3262 ·

378 3337 431 3402 21.
458 3351 571 3420 erosos]
586 3355 684 3423 smper.
722 3353 827 3408 eroum
845 3354 921 3406 cour.
1037 3351 1279 3420 dectinoti0*]coni.
1310 3336 1371 3393 tert·

266 3423 422 3476 nationum
441 3425 515 3478 eodo.
561 3425 629 3477 luuu
647 3443 724 3480 semu
748 3427 875 3493 flagitari,
900 3425 976 3478 facite
1000 3426 1161 3492 intelligitur.
1197 3425 1236 3476 ct.
1254 3425 1276 3487 5.
1286 3423 1309 3470 2·
1319 3419 1338 3466 9·
1352 3413 1370 3460 εἴ

266 3503 477 3562 argumentorum
494 3503 669 3564 conspectum.
793 3498 871 3568 quor]
891 3515 962 3568 quur
979 3497 1014 3550 G.
1050 3515 1099 3566 cur
1116 3503 1177 3551 cett.
1288 3477 1369 3558 forma]

266 3582 309 3632 vg.
341 3568 426 3636 sama
442 3569 517 3622 colu.
554 3568 595 3622 ct.
613 3571 638 3633 ς.
652 3573 679 3624 e.
795 3565 997 3632 rotomorum]
1016 3567 1056 3621 cr.
1075 3569 1108 3622 ue
1125 3569 1175 3622 me
1192 3563 1323 3620 strennue
1336 3550 1369 3612 IX.

266 3641 310 3690 34.
336 3639 371 3704 X,
391 3645 432 3694 15.
582 3640 630 3711 qui
647 3637 739 3690 vendit
756 3639 956 3706 Artemidorus]
975 3641 1045 3693 nulla
1063 3641 1225 3695 distinctione
1241 3626 1370 3713 rodperti

266 3713 419 3765 attractione
443 3710 552 3777 quadam
569 3711 752 3765 nominativum
770 3711 832 3778 poni
847 3717 995 3780 appareret.
1027 3752 1036 3782 ,
1117 3707 1307 3766 Artemidorum
1320 3709 1361 3748 sue

265 3780 419 3847 Artemam]
436 3783 535 3850 scripsi.
579 3782 781 3834 Artemidorum
798 3783 845 3835 Fa.
888 3783 1029 3836 Artemam
1047 3783 1109 3836 GH.
1151 3783 1223 3834 Haec
1239 3793 1292 3832 cum
1308 3771 1369 3821 torna

265 3855 315 3917 stt,
334 3869 385 3919 qua
403 3856 429 3905 in
447 3853 596 3920 quotidiana
613 3857 667 3906 vite
684 3855 862 3915 Artemidorus
880 3854 1071 3922 appellabatur,
1093 3860 1123 3908 ut
1139 3852 1284 3906 Zenodorus
1298 3843 1368 3910 Ztfltl
1388 3849 1390 3853 ’

264 3921 458 3993 Epaphroditus
480 3925 628 3994 Epaphras,
654 3932 680 3978 et
697 3927 735 3978 sic
752 3927 840 3977 muttit
868 3931 966 3978 temere
985 3931 1013 3978 et
1027 3919 1092 3979 *casu
1111 3926 1205 3978 tactum
1223 3936 1288 3981 esse,
1309 3916 1333 3963 ul
1347 3917 1368 3955 ‘l

265 3993 293 4046 in
317 3995 391 4048 bouis
416 3997 488 4048 libris
513 4003 599 4062 extet,
629 3998 785 4064 persuadere
811 3995 872 4050 mihi
900 4013 951 4050 noo
978 4000 1059 4065 potni.
1104 3995 1171 4049 Illud
1195 4000 1275 4047 autem
1296 3987 1366 4036 ¹1⁰ffl⁶l

265 4073 424 4134 propterea,
443 4084 509 4135 quae
525 4069 591 4121 intra
604 4071 682 4134 §.22
701 4071 831 4136 leguntur,
850 4068 941 4122 deesse
959 4085 1010 4123 non
1028 4075 1123 4138 potest.
1159 4068 1246 4133 ltaque
1257 4058 1366 4136 utrunque

264 4137 411 4205 ponendum
429 4145 492 4192 erat.
590 4184 595 4191 .
641 4142 721 4206 Iona]
739 4141 774 4194 H.
819 4141 913 4192 Ionam
931 4140 977 4198 Fa.
1020 4142 1111 4192 Ionem
1129 4141 1163 4197 G.
1206 4135 1244 4187 Cf.
1260 4133 1335 4182 Dora
1348 4118 1367 4166 tl

267 4207 374 4260 Theona
391 4209 467 4274 VIII,
486 4213 529 4262 41.
556 4209 609 4276 lx,
626 4216 670 4264 42.

303 4327 304 4334 ¹
377 4296 429 4362 22.
456 4313 541 4380 Ionis]
560 4312 614 4368 lta.
644 4280 706 4368 Ioui
721 4317 783 4370 GH.
