<?xml version="1.0" encoding="UTF-8"?>
<!DOCTYPE html PUBLIC "-//W3C//DTD XHTML 1.0 Transitional//EN"
    "http://www.w3.org/TR/xhtml1/DTD/xhtml1-transitional.dtd">
<html xmlns="http://www.w3.org/1999/xhtml" xml:lang="en" lang="en">
 <head>
  <title>
</title>
<meta http-equiv="Content-Type" content="text/html;charset=utf-8" />
  <meta name='ocr-system' content='tesseract 3.04.00' />
  <meta name='ocr-capabilities' content='ocr_page ocr_carea ocr_par ocr_line ocrx_word'/>
</head>
<body>
  <div class='ocr_page' id='page_1' title='image "./mterentivarroni00mlgoog/mterentivarroni00mlgoog_0311.png"; bbox 0 0 2874 4804; ppageno 0'>
   <div class='ocr_carea' id='block_1_1' title="bbox 357 239 1151 340">
    <p class='ocr_par' dir='ltr' id='par_1_1' title="bbox 357 239 1151 340">
     <span class='ocr_line' id='line_1_1' title="bbox 357 239 1151 340; baseline 0.004 -17"><span class='ocrx_word' id='word_1_1' title='bbox 357 273 358 280; x_wconf 12' lang='grc' dir='ltr'><strong><em>Ν</em></strong></span> <span class='ocrx_word' id='word_1_2' title='bbox 438 241 474 340; x_wconf 66' lang='lat' dir='ltr'><strong>S·</strong></span> <span class='ocrx_word' id='word_1_3' title='bbox 504 259 552 328; x_wconf 77' lang='lat'><strong>47</strong></span> <span class='ocrx_word' id='word_1_4' title='bbox 579 283 629 298; x_wconf 87' lang='lat'><em>-</em></span> <span class='ocrx_word' id='word_1_5' title='bbox 655 255 719 324; x_wconf 84' lang='lat'><strong>51·</strong></span> <span class='ocrx_word' id='word_1_6' title='bbox 1069 239 1151 315; x_wconf 71' lang='lat'><strong>255</strong></span> 
     </span>
    </p>
   </div>
   <div class='ocr_carea' id='block_1_2' title="bbox 24 425 1217 2448">
    <p class='ocr_par' dir='ltr' id='par_1_2' title="bbox 33 425 1148 528">
     <span class='ocr_line' id='line_1_2' title="bbox 33 425 1148 528; baseline 0.003 -31"><span class='ocrx_word' id='word_1_7' title='bbox 33 425 196 520; x_wconf 85' lang='lat' dir='ltr'><strong>bendani,</strong></span> <span class='ocrx_word' id='word_1_8' title='bbox 232 430 294 524; x_wconf 91' lang='lat' dir='ltr'><strong>qui</strong></span> <span class='ocrx_word' id='word_1_9' title='bbox 316 439 436 500; x_wconf 81' lang='lat' dir='ltr'><strong>eontra</strong></span> <span class='ocrx_word' id='word_1_10' title='bbox 461 427 636 526; x_wconf 74' lang='lat' dir='ltr'><strong>analogias</strong></span> <span class='ocrx_word' id='word_1_11' title='bbox 662 425 803 519; x_wconf 83' lang='lat' dir='ltr'><strong>dieunt,</strong></span> <span class='ocrx_word' id='word_1_12' title='bbox 832 451 921 525; x_wconf 89' lang='lat' dir='ltr'><strong>quor</strong></span> <span class='ocrx_word' id='word_1_13' title='bbox 941 427 1148 528; x_wconf 67' lang='lat' dir='ltr'><strong>dispariliter</strong></span> 
     </span>
    </p>

    <p class='ocr_par' dir='ltr' id='par_1_3' title="bbox 24 527 1217 2448">
     <span class='ocr_line' id='line_1_3' title="bbox 32 527 1203 627; baseline 0.008 -29"><span class='ocrx_word' id='word_1_14' title='bbox 32 533 62 598; x_wconf 92' lang='lat' dir='ltr'><strong>in</strong></span> <span class='ocrx_word' id='word_1_15' title='bbox 84 528 191 601; x_wconf 88' lang='lat' dir='ltr'><strong>tribus</strong></span> <span class='ocrx_word' id='word_1_16' title='bbox 211 529 424 627; x_wconf 80' lang='lat' dir='ltr'><strong>temporibus</strong></span> <span class='ocrx_word' id='word_1_17' title='bbox 451 531 611 602; x_wconf 86' lang='lat' dir='ltr'><strong>dicantur</strong></span> <span class='ocrx_word' id='word_1_18' title='bbox 636 527 804 627; x_wconf 81' lang='lat' dir='ltr'><strong>quaedam</strong></span> <span class='ocrx_word' id='word_1_19' title='bbox 826 528 945 622; x_wconf 82' lang='lat' dir='ltr'><strong>uerba,</strong></span> <span class='ocrx_word' id='word_1_20' title='bbox 971 543 1142 604; x_wconf 86' lang='lat' dir='ltr'><strong>naturam.</strong></span> <span class='ocrx_word' id='word_1_21' title='bbox 1156 565 1203 609; x_wconf 76' lang='lat' dir='ltr'><strong>aaa</strong></span> 
     </span>
     <span class='ocr_line' id='line_1_4' title="bbox 31 625 1206 730; baseline 0.001 -29"><span class='ocrx_word' id='word_1_22' title='bbox 31 627 92 701; x_wconf 71' lang='lat' dir='ltr'><strong>ll).</strong></span> <span class='ocrx_word' id='word_1_23' title='bbox 126 630 215 703; x_wconf 85' lang='lat' dir='ltr'><strong>Cum</strong></span> <span class='ocrx_word' id='word_1_24' title='bbox 241 632 458 730; x_wconf 82' lang='lat' dir='ltr'>quadruplex</span> <span class='ocrx_word' id='word_1_25' title='bbox 484 635 530 704; x_wconf 87' lang='lat' dir='ltr'><strong>sit</strong></span> <span class='ocrx_word' id='word_1_26' title='bbox 552 641 677 702; x_wconf 88' lang='lat' dir='ltr'><strong>natura</strong></span> <span class='ocrx_word' id='word_1_27' title='bbox 710 631 888 730; x_wconf 71' lang='lat' dir='ltr'><strong>analogia,</strong></span> <span class='ocrx_word' id='word_1_28' title='bbox 925 625 1206 706; x_wconf 64' lang='lat' dir='ltr'><strong>id&#39;nonuun-&#39;‘</strong></span> 
     </span>
     <span class='ocr_line' id='line_1_5' title="bbox 32 731 1152 831; baseline 0.004 -30"><span class='ocrx_word' id='word_1_29' title='bbox 32 757 144 828; x_wconf 80' lang='lat' dir='ltr'><strong>quam,</strong></span> <span class='ocrx_word' id='word_1_30' title='bbox 185 743 227 804; x_wconf 91' lang='lat' dir='ltr'><strong>ut</strong></span> <span class='ocrx_word' id='word_1_31' title='bbox 259 733 348 827; x_wconf 74' lang='lat' dir='ltr'><strong>dixi,</strong></span> <span class='ocrx_word' id='word_1_32' title='bbox 392 736 573 831; x_wconf 72' lang='lat' dir='ltr'><strong>pauciores</strong></span> <span class='ocrx_word' id='word_1_33' title='bbox 605 734 742 806; x_wconf 86' lang='lat' dir='ltr'><strong>videtur</strong></span> <span class='ocrx_word' id='word_1_34' title='bbox 772 731 900 806; x_wconf 90' lang='lat' dir='ltr'><strong>habere</strong></span> <span class='ocrx_word' id='word_1_35' title='bbox 929 737 1058 831; x_wconf 86' lang='lat' dir='ltr'><strong>partis:</strong></span> <span class='ocrx_word' id='word_1_36' title='bbox 1086 735 1152 806; x_wconf 79' lang='lat' dir='ltr'><strong>sic</strong></span> 
     </span>
     <span class='ocr_line' id='line_1_6' title="bbox 30 835 1152 933; baseline 0.003 -30"><span class='ocrx_word' id='word_1_37' title='bbox 30 835 121 904; x_wconf 88' lang='lat' dir='ltr'><strong>etiam</strong></span> <span class='ocrx_word' id='word_1_38' title='bbox 155 836 242 906; x_wconf 86' lang='lat' dir='ltr'><strong>alias</strong></span> <span class='ocrx_word' id='word_1_39' title='bbox 276 835 411 932; x_wconf 81' lang='lat' dir='ltr'><strong>pluris,</strong></span> <span class='ocrx_word' id='word_1_40' title='bbox 455 847 494 907; x_wconf 85' lang='lat' dir='ltr'><strong>ui</strong></span> <span class='ocrx_word' id='word_1_41' title='bbox 526 861 633 932; x_wconf 86' lang='lat' dir='ltr'><strong>quom</strong></span> <span class='ocrx_word' id='word_1_42' title='bbox 666 847 744 926; x_wconf 81' lang='lat' dir='ltr'><strong>est,</strong></span> <span class='ocrx_word' id='word_1_43' title='bbox 784 835 1073 933; x_wconf 84' lang='lat' dir='ltr'><strong>quemadmodum</strong></span> <span class='ocrx_word' id='word_1_44' title='bbox 1106 835 1152 906; x_wconf 92' lang='lat' dir='ltr'><strong>ad</strong></span> 
     </span>
     <span class='ocr_line' id='line_1_7' title="bbox 30 935 1151 1036; baseline 0.004 -32"><span class='ocrx_word' id='word_1_45' title='bbox 30 936 86 1005; x_wconf 89' lang='lat' dir='ltr'><strong>tria</strong></span> <span class='ocrx_word' id='word_1_46' title='bbox 117 963 224 1008; x_wconf 90' lang='lat' dir='ltr'><strong>unum</strong></span> <span class='ocrx_word' id='word_1_47' title='bbox 260 947 293 1008; x_wconf 84' lang='lat' dir='ltr'><strong>ci</strong></span> <span class='ocrx_word' id='word_1_48' title='bbox 321 937 411 1030; x_wconf 73' lang='lat' dir='ltr'><strong>duro,</strong></span> <span class='ocrx_word' id='word_1_49' title='bbox 448 941 498 1010; x_wconf 85' lang='lat' dir='ltr'><strong>sic</strong></span> <span class='ocrx_word' id='word_1_50' title='bbox 524 938 569 1008; x_wconf 92' lang='lat' dir='ltr'><strong>ad</strong></span> <span class='ocrx_word' id='word_1_51' title='bbox 601 963 662 1009; x_wconf 86' lang='lat' dir='ltr'><strong>sex</strong></span> <span class='ocrx_word' id='word_1_52' title='bbox 691 935 760 1008; x_wconf 87' lang='lat' dir='ltr'><strong>duo</strong></span> <span class='ocrx_word' id='word_1_53' title='bbox 794 947 830 1007; x_wconf 87' lang='lat' dir='ltr'><strong>et</strong></span> <span class='ocrx_word' id='word_1_54' title='bbox 854 949 1002 1034; x_wconf 84' lang='lat' dir='ltr'><strong>quatuor</strong></span> <span class='ocrx_word' id='word_1_55' title='bbox 1009 966 1021 1034; x_wconf 80' lang='lat'>3</span> <span class='ocrx_word' id='word_1_56' title='bbox 1062 963 1151 1036; x_wconf 87' lang='lat' dir='ltr'><strong>quae</strong></span> 
     </span>
     <span class='ocr_line' id='line_1_8' title="bbox 29 1036 1152 1137; baseline 0.005 -33"><span class='ocrx_word' id='word_1_57' title='bbox 29 1045 133 1108; x_wconf 84' lang='lat' dir='ltr'><strong>tamen</strong></span> <span class='ocrx_word' id='word_1_58' title='bbox 158 1038 408 1136; x_wconf 88' lang='lat' dir='ltr'><strong>quadripartita</strong></span> <span class='ocrx_word' id='word_1_59' title='bbox 443 1038 746 1136; x_wconf 80' lang='lat' dir='ltr'><strong>comprehenditur</strong></span> <span class='ocrx_word' id='word_1_60' title='bbox 778 1036 910 1132; x_wconf 82' lang='lat' dir='ltr'><strong>forma,</strong></span> <span class='ocrx_word' id='word_1_61' title='bbox 949 1039 1044 1137; x_wconf 88' lang='lat' dir='ltr'><strong>quod</strong></span> <span class='ocrx_word' id='word_1_62' title='bbox 1069 1039 1152 1112; x_wconf 87' lang='lat' dir='ltr'><strong>bina</strong></span> 
     </span>
     <span class='ocr_line' id='line_1_9' title="bbox 29 1136 1152 1239; baseline 0.006 -35"><span class='ocrx_word' id='word_1_63' title='bbox 29 1136 67 1206; x_wconf 88' lang='lat' dir='ltr'><strong>ad</strong></span> <span class='ocrx_word' id='word_1_64' title='bbox 87 1139 223 1238; x_wconf 70' lang='lat' dir='ltr'><strong>singula</strong></span> <span class='ocrx_word' id='word_1_65' title='bbox 247 1141 485 1213; x_wconf 78' lang='lat' dir='ltr'><strong>conseruntur.</strong></span> <span class='ocrx_word' id='word_1_66' title='bbox 539 1139 646 1231; x_wconf 84' lang='lat' dir='ltr'><strong>Quod</strong></span> <span class='ocrx_word' id='word_1_67' title='bbox 672 1143 708 1211; x_wconf 92' lang='lat' dir='ltr'><strong>iu</strong></span> <span class='ocrx_word' id='word_1_68' title='bbox 730 1143 882 1212; x_wconf 87' lang='lat' dir='ltr'><strong>oratione</strong></span> <span class='ocrx_word' id='word_1_69' title='bbox 903 1149 1041 1239; x_wconf 82' lang='lat' dir='ltr'><strong>quoque</strong></span> <span class='ocrx_word' id='word_1_70' title='bbox 1064 1167 1152 1214; x_wconf 87' lang='lat' dir='ltr'><strong>non-</strong></span> 
     </span>
     <span class='ocr_line' id='line_1_10' title="bbox 29 1241 1153 1339; baseline 0.008 -34"><span class='ocrx_word' id='word_1_71' title='bbox 29 1263 196 1336; x_wconf 87' lang='lat' dir='ltr'><strong>nunquam</strong></span> <span class='ocrx_word' id='word_1_72' title='bbox 239 1245 451 1339; x_wconf 79' lang='lat' dir='ltr'><strong>reperietur,</strong></span> <span class='ocrx_word' id='word_1_73' title='bbox 496 1243 572 1313; x_wconf 90' lang='lat' dir='ltr'><strong>sic:</strong></span> <span class='ocrx_word' id='word_1_74' title='bbox 613 1253 652 1314; x_wconf 87' lang='lat' dir='ltr'><strong>ui</strong></span> <span class='ocrx_word' id='word_1_75' title='bbox 685 1241 941 1314; x_wconf 83' lang='lat' dir='ltr'><strong>Diomedes</strong></span> <span class='ocrx_word' id='word_1_76' title='bbox 976 1242 1153 1315; x_wconf 81' lang='lat' dir='ltr'><strong>consertor</strong></span> 
     </span>
     <span class='ocr_line' id='line_1_11' title="bbox 30 1338 1152 1436; baseline 0.006 -29"><span class='ocrx_word' id='word_1_77' title='bbox 30 1338 249 1415; x_wconf 82' lang='lat' dir='ltr'><strong>*Diomedi</strong></span> <span class='ocrx_word' id='word_1_78' title='bbox 273 1345 322 1415; x_wconf 83' lang='lat' dir='ltr'><strong>et*</strong></span> <span class='ocrx_word' id='word_1_79' title='bbox 346 1341 663 1436; x_wconf 74' lang='lat' dir='ltr'><strong>Diomedibus‚</strong></span> <span class='ocrx_word' id='word_1_80' title='bbox 687 1345 738 1415; x_wconf 90' lang='lat' dir='ltr'><strong>sic</strong></span> <span class='ocrx_word' id='word_1_81' title='bbox 764 1343 891 1415; x_wconf 87' lang='lat' dir='ltr'><strong>dicitur</strong></span> <span class='ocrx_word' id='word_1_82' title='bbox 915 1343 960 1415; x_wconf 87' lang='lat' dir='ltr'><strong>ab</strong></span> <span class='ocrx_word' id='word_1_83' title='bbox 986 1346 1152 1416; x_wconf 88' lang='lat' dir='ltr'><strong>Hereu-</strong></span> 
     </span>
     <span class='ocr_line' id='line_1_12' title="bbox 27 1437 1154 1527; baseline 0.009 -21"><span class='ocrx_word' id='word_1_84' title='bbox 27 1437 310 1527; x_wconf 81' lang='lat' dir='ltr'><strong>lesflerculi</strong></span> <span class='ocrx_word' id='word_1_85' title='bbox 341 1443 701 1518; x_wconf 89' lang='lat' dir='ltr'><strong>etHerculibus.</strong></span> <span class='ocrx_word' id='word_1_86' title='bbox 818 1443 886 1516; x_wconf 78' lang='lat'><strong>50.</strong></span> <span class='ocrx_word' id='word_1_87' title='bbox 929 1444 1154 1518; x_wconf 81' lang='lat' dir='ltr'><strong>Etutbaec</strong></span> 
     </span>
     <span class='ocr_line' id='line_1_13' title="bbox 26 1538 1215 1643; baseline 0.003 -35"><span class='ocrx_word' id='word_1_88' title='bbox 26 1539 63 1610; x_wconf 91' lang='lat' dir='ltr'><strong>ab</strong></span> <span class='ocrx_word' id='word_1_89' title='bbox 83 1570 154 1617; x_wconf 91' lang='lat' dir='ltr'><strong>uno</strong></span> <span class='ocrx_word' id='word_1_90' title='bbox 180 1550 306 1643; x_wconf 82' lang='lat' dir='ltr'><strong>capite,</strong></span> <span class='ocrx_word' id='word_1_91' title='bbox 330 1545 375 1617; x_wconf 92' lang='lat' dir='ltr'><strong>ab</strong></span> <span class='ocrx_word' id='word_1_92' title='bbox 398 1559 493 1620; x_wconf 87' lang='lat' dir='ltr'><strong>recto</strong></span> <span class='ocrx_word' id='word_1_93' title='bbox 516 1571 612 1639; x_wconf 82' lang='lat' dir='ltr'><strong>casu,</strong></span> <span class='ocrx_word' id='word_1_94' title='bbox 639 1549 678 1617; x_wconf 91' lang='lat' dir='ltr'><strong>in</strong></span> <span class='ocrx_word' id='word_1_95' title='bbox 699 1544 769 1619; x_wconf 89' lang='lat' dir='ltr'><strong>duo</strong></span> <span class='ocrx_word' id='word_1_96' title='bbox 791 1545 951 1642; x_wconf 89' lang='lat' dir='ltr'><strong>obliquos</strong></span> <span class='ocrx_word' id='word_1_97' title='bbox 972 1547 1155 1620; x_wconf 84' lang='lat' dir='ltr'><strong>discedunt</strong></span> <span class='ocrx_word' id='word_1_98' title='bbox 1163 1538 1215 1614; x_wconf 71' lang='lat' dir='ltr'><strong>la&#39;s</strong></span> 
     </span>
     <span class='ocr_line' id='line_1_14' title="bbox 26 1646 1152 1744; baseline 0.009 -35"><span class='ocrx_word' id='word_1_99' title='bbox 26 1665 141 1716; x_wconf 88' lang='lat' dir='ltr'><strong>casus:</strong></span> <span class='ocrx_word' id='word_1_100' title='bbox 182 1649 233 1718; x_wconf 88' lang='lat' dir='ltr'><strong>sic</strong></span> <span class='ocrx_word' id='word_1_101' title='bbox 265 1660 384 1719; x_wconf 88' lang='lat' dir='ltr'><strong>contra</strong></span> <span class='ocrx_word' id='word_1_102' title='bbox 416 1649 524 1720; x_wconf 86' lang='lat' dir='ltr'><strong>multa</strong></span> <span class='ocrx_word' id='word_1_103' title='bbox 557 1647 602 1718; x_wconf 89' lang='lat' dir='ltr'><strong>ab</strong></span> <span class='ocrx_word' id='word_1_104' title='bbox 628 1646 764 1719; x_wconf 89' lang='lat' dir='ltr'><strong>duobus</strong></span> <span class='ocrx_word' id='word_1_105' title='bbox 788 1646 958 1744; x_wconf 78' lang='lat' dir='ltr'><strong>capitibus</strong></span> <span class='ocrx_word' id='word_1_106' title='bbox 984 1653 1070 1722; x_wconf 87' lang='lat' dir='ltr'><strong>recti</strong></span> <span class='ocrx_word' id='word_1_107' title='bbox 1095 1673 1152 1720; x_wconf 87' lang='lat' dir='ltr'><strong>ca-</strong></span> 
     </span>
     <span class='ocr_line' id='line_1_15' title="bbox 25 1748 1154 1846; baseline 0.01 -36"><span class='ocrx_word' id='word_1_108' title='bbox 25 1767 120 1814; x_wconf 88' lang='lat' dir='ltr'><strong>suum</strong></span> <span class='ocrx_word' id='word_1_109' title='bbox 152 1748 334 1820; x_wconf 88' lang='lat' dir='ltr'><strong>conlluunt</strong></span> <span class='ocrx_word' id='word_1_110' title='bbox 369 1753 405 1821; x_wconf 89' lang='lat' dir='ltr'><strong>in</strong></span> <span class='ocrx_word' id='word_1_111' title='bbox 437 1750 615 1846; x_wconf 88' lang='lat' dir='ltr'><strong>obliquam</strong></span> <span class='ocrx_word' id='word_1_112' title='bbox 647 1776 769 1819; x_wconf 88' lang='lat' dir='ltr'><strong>unum.</strong></span> <span class='ocrx_word' id='word_1_113' title='bbox 831 1751 923 1820; x_wconf 84' lang='lat' dir='ltr'><strong>Nam</strong></span> <span class='ocrx_word' id='word_1_114' title='bbox 954 1761 994 1821; x_wconf 85' lang='lat' dir='ltr'><strong>ut</strong></span> <span class='ocrx_word' id='word_1_115' title='bbox 1024 1750 1068 1822; x_wconf 90' lang='lat' dir='ltr'><strong>ab</strong></span> <span class='ocrx_word' id='word_1_116' title='bbox 1097 1750 1154 1822; x_wconf 85' lang='lat' dir='ltr'><strong>his</strong></span> 
     </span>
     <span class='ocr_line' id='line_1_16' title="bbox 24 1846 1217 1943; baseline 0.009 -32"><span class='ocrx_word' id='word_1_117' title='bbox 24 1846 198 1938; x_wconf 61' lang='lat' dir='ltr'><strong>rectisplui</strong></span> <span class='ocrx_word' id='word_1_118' title='bbox 219 1849 421 1943; x_wconf 81' lang='lat' dir='ltr'><strong>Baebiei,</strong></span> <span class='ocrx_word' id='word_1_119' title='bbox 447 1849 512 1922; x_wconf 87' lang='lat' dir='ltr'><strong>bae</strong></span> <span class='ocrx_word' id='word_1_120' title='bbox 535 1850 750 1938; x_wconf 80' lang='lat' dir='ltr'><strong>Beehiae,</strong></span> <span class='ocrx_word' id='word_1_121' title='bbox 778 1848 818 1921; x_wconf 84' lang='lat' dir='ltr'><strong>lit</strong></span> <span class='ocrx_word' id='word_1_122' title='bbox 839 1849 895 1922; x_wconf 91' lang='lat' dir='ltr'><strong>his</strong></span> <span class='ocrx_word' id='word_1_123' title='bbox 918 1851 1217 1941; x_wconf 61' lang='lat' dir='ltr'><strong>Boebieiszaj</strong></span> 
     </span>
     <span class='ocr_line' id='line_1_17' title="bbox 25 1947 1152 2045; baseline 0.011 -31"><span class='ocrx_word' id='word_1_124' title='bbox 25 1947 70 2014; x_wconf 86' lang='lat' dir='ltr'><strong>sie</strong></span> <span class='ocrx_word' id='word_1_125' title='bbox 96 1959 151 2020; x_wconf 87' lang='lat' dir='ltr'><strong>est</strong></span> <span class='ocrx_word' id='word_1_126' title='bbox 174 1949 220 2022; x_wconf 91' lang='lat' dir='ltr'><strong>ab</strong></span> <span class='ocrx_word' id='word_1_127' title='bbox 246 1950 325 2041; x_wconf 71' lang='lat' dir='ltr'><strong>hm,</strong></span> <span class='ocrx_word' id='word_1_128' title='bbox 358 1949 591 2045; x_wconf 77' lang='lat' dir='ltr'><strong>hiCaelii‚</strong></span> <span class='ocrx_word' id='word_1_129' title='bbox 628 1951 695 2024; x_wconf 89' lang='lat' dir='ltr'><strong>bae</strong></span> <span class='ocrx_word' id='word_1_130' title='bbox 721 1951 937 2045; x_wconf 82' lang='lat' dir='ltr'><strong>Caeliae,</strong></span> <span class='ocrx_word' id='word_1_131' title='bbox 973 1953 1152 2026; x_wconf 67' lang='lat' dir='ltr'><strong>bisG‘ae·</strong></span> 
     </span>
     <span class='ocr_line' id='line_1_18' title="bbox 25 2043 1155 2148; baseline 0.012 -34"><span class='ocrx_word' id='word_1_132' title='bbox 25 2043 111 2118; x_wconf 91' lang='lat' dir='ltr'><strong>liis.</strong></span> <span class='ocrx_word' id='word_1_133' title='bbox 166 2049 230 2123; x_wconf 82' lang='lat' dir='ltr'><strong>Ab</strong></span> <span class='ocrx_word' id='word_1_134' title='bbox 256 2051 392 2126; x_wconf 90' lang='lat' dir='ltr'><strong>duobus</strong></span> <span class='ocrx_word' id='word_1_135' title='bbox 413 2053 582 2125; x_wconf 89' lang='lat' dir='ltr'><strong>similibus</strong></span> <span class='ocrx_word' id='word_1_136' title='bbox 608 2054 763 2125; x_wconf 88' lang='lat' dir='ltr'><strong>similiter</strong></span> <span class='ocrx_word' id='word_1_137' title='bbox 787 2052 1018 2148; x_wconf 81' lang='lat' dir='ltr'><strong>declinantur,</strong></span> <span class='ocrx_word' id='word_1_138' title='bbox 1050 2067 1092 2127; x_wconf 85' lang='lat' dir='ltr'><strong>ut</strong></span> <span class='ocrx_word' id='word_1_139' title='bbox 1113 2055 1155 2127; x_wconf 86' lang='lat' dir='ltr'><strong>fit</strong></span> 
     </span>
     <span class='ocr_line' id='line_1_19' title="bbox 26 2146 1153 2248; baseline 0.014 -34"><span class='ocrx_word' id='word_1_140' title='bbox 26 2146 157 2244; x_wconf 75' lang='lat' dir='ltr'><strong>iniis,</strong></span> <span class='ocrx_word' id='word_1_141' title='bbox 194 2180 368 2245; x_wconf 80' lang='lat' dir='ltr'><strong>nemus,</strong></span> <span class='ocrx_word' id='word_1_142' title='bbox 408 2156 531 2248; x_wconf 76' lang='lat' dir='ltr'><strong>olus3</strong></span> <span class='ocrx_word' id='word_1_143' title='bbox 572 2181 768 2246; x_wconf 83' lang='lat' dir='ltr'><strong>nemora,</strong></span> <span class='ocrx_word' id='word_1_144' title='bbox 808 2155 944 2227; x_wconf 90' lang='lat' dir='ltr'><strong>olera.</strong></span> <span class='ocrx_word' id='word_1_145' title='bbox 998 2155 1083 2230; x_wconf 84' lang='lat' dir='ltr'><strong>Alia</strong></span> <span class='ocrx_word' id='word_1_146' title='bbox 1108 2156 1153 2230; x_wconf 89' lang='lat' dir='ltr'><strong>ab</strong></span> 
     </span>
     <span class='ocr_line' id='line_1_20' title="bbox 27 2244 1150 2352; baseline 0.015 -37"><span class='ocrx_word' id='word_1_147' title='bbox 27 2244 246 2326; x_wconf 86' lang='lat' dir='ltr'><strong>dissimilibus</strong></span> <span class='ocrx_word' id='word_1_148' title='bbox 271 2256 427 2328; x_wconf 88' lang='lat' dir='ltr'><strong>similiter</strong></span> <span class='ocrx_word' id='word_1_149' title='bbox 450 2257 679 2348; x_wconf 83' lang='lat' dir='ltr'><strong>declinantur,</strong></span> <span class='ocrx_word' id='word_1_150' title='bbox 699 2267 744 2327; x_wconf 82' lang='lat' dir='ltr'><strong>ui</strong></span> <span class='ocrx_word' id='word_1_151' title='bbox 764 2257 802 2326; x_wconf 91' lang='lat' dir='ltr'><strong>iu</strong></span> <span class='ocrx_word' id='word_1_152' title='bbox 823 2257 977 2329; x_wconf 81' lang='lat' dir='ltr'><strong>articulis</strong></span> <span class='ocrx_word' id='word_1_153' title='bbox 997 2258 1041 2330; x_wconf 93' lang='lat' dir='ltr'><strong>ab</strong></span> <span class='ocrx_word' id='word_1_154' title='bbox 1063 2259 1150 2352; x_wconf 83' lang='lat' dir='ltr'><strong>hic,</strong></span> 
     </span>
     <span class='ocr_line' id='line_1_21' title="bbox 25 2345 495 2448; baseline 0.017 -28"><span class='ocrx_word' id='word_1_155' title='bbox 25 2345 130 2447; x_wconf 82' lang='lat' dir='ltr'><strong>iste,</strong></span> <span class='ocrx_word' id='word_1_156' title='bbox 172 2355 311 2448; x_wconf 81' lang='lat' dir='ltr'><strong>hunc,</strong></span> <span class='ocrx_word' id='word_1_157' title='bbox 340 2360 495 2429; x_wconf 87' lang='lat' dir='ltr'><strong>istum.</strong></span> 
     </span>
    </p>
   </div>
   <div class='ocr_carea' id='block_1_3' title="bbox 27 2473 1236 2786">
    <p class='ocr_par' dir='ltr' id='par_1_4' title="bbox 27 2473 1236 2786">
     <span class='ocr_line' id='line_1_22' title="bbox 48 2473 1154 2584; baseline 0.006 -30"><span class='ocrx_word' id='word_1_158' title='bbox 48 2499 50 2504; x_wconf 85' lang='lat'>&#39;</span> <span class='ocrx_word' id='word_1_159' title='bbox 123 2479 191 2555; x_wconf 75' lang='grc'><strong>51.</strong></span> <span class='ocrx_word' id='word_1_160' title='bbox 227 2481 403 2584; x_wconf 77' lang='lat' dir='ltr'><strong>Analogia</strong></span> <span class='ocrx_word' id='word_1_161' title='bbox 439 2473 800 2558; x_wconf 73' lang='lat' dir='ltr'><strong>fundamenia&#39;babet</strong></span> <span class='ocrx_word' id='word_1_162' title='bbox 834 2495 894 2558; x_wconf 83' lang='lat' dir='ltr'><strong>aut</strong></span> <span class='ocrx_word' id='word_1_163' title='bbox 926 2512 946 2558; x_wconf 90' lang='lat' dir='ltr'><strong>a</strong></span> <span class='ocrx_word' id='word_1_164' title='bbox 977 2487 1154 2561; x_wconf 83' lang='lat' dir='ltr'><strong>voluntate</strong></span> 
     </span>
     <span class='ocr_line' id='line_1_23' title="bbox 27 2570 1231 2687; baseline 0.012 -39"><span class='ocrx_word' id='word_1_165' title='bbox 27 2570 226 2680; x_wconf 83' lang='lat' dir='ltr'><strong>hominum,</strong></span> <span class='ocrx_word' id='word_1_166' title='bbox 262 2601 322 2659; x_wconf 87' lang='lat' dir='ltr'><strong>aut</strong></span> <span class='ocrx_word' id='word_1_167' title='bbox 355 2615 374 2658; x_wconf 86' lang='lat' dir='ltr'><strong>a</strong></span> <span class='ocrx_word' id='word_1_168' title='bbox 406 2600 527 2660; x_wconf 89' lang='lat' dir='ltr'><strong>natura</strong></span> <span class='ocrx_word' id='word_1_169' title='bbox 561 2585 767 2680; x_wconf 53' lang='lat' dir='ltr'><strong>verboruma,</strong></span> <span class='ocrx_word' id='word_1_170' title='bbox 803 2599 865 2659; x_wconf 88' lang='lat' dir='ltr'><strong>aut</strong></span> <span class='ocrx_word' id='word_1_171' title='bbox 889 2615 909 2660; x_wconf 90' lang='lat' dir='ltr'><strong>a</strong></span> <span class='ocrx_word' id='word_1_172' title='bbox 935 2615 973 2662; x_wconf 92' lang='lat' dir='ltr'><strong>re</strong></span> <span class='ocrx_word' id='word_1_173' title='bbox 995 2601 1154 2687; x_wconf 88' lang='lat' dir='ltr'><strong>utraque.</strong></span> <span class='ocrx_word' id='word_1_174' title='bbox 1226 2653 1231 2677; x_wconf 71' lang='lat'><strong>.</strong></span> 
     </span>
     <span class='ocr_line' id='line_1_24' title="bbox 28 2674 1236 2786; baseline 0.016 -40"><span class='ocrx_word' id='word_1_175' title='bbox 28 2674 249 2761; x_wconf 76' lang='lat' dir='ltr'><strong>Voluntatem</strong></span> <span class='ocrx_word' id='word_1_176' title='bbox 289 2689 366 2763; x_wconf 89' lang='lat' dir='ltr'><strong>dieo</strong></span> <span class='ocrx_word' id='word_1_177' title='bbox 402 2691 656 2786; x_wconf 87' lang='lat' dir='ltr'><strong>impositionem</strong></span> <span class='ocrx_word' id='word_1_178' title='bbox 694 2689 963 2782; x_wconf 75' lang='lat' dir='ltr'><strong>vocabulorum,</strong></span> <span class='ocrx_word' id='word_1_179' title='bbox 1000 2703 1158 2764; x_wconf 86' lang='lat' dir='ltr'><strong>naturam</strong></span> <span class='ocrx_word' id='word_1_180' title='bbox 1235 2737 1236 2744; x_wconf 58' lang='lat'><strong>.</strong></span> 
     </span>
    </p>
   </div>
   <div class='ocr_carea' id='block_1_4' title="bbox 27 2774 1159 2903">
    <p class='ocr_par' dir='ltr' id='par_1_5' title="bbox 27 2774 1159 2903">
     <span class='ocr_line' id='line_1_25' title="bbox 27 2774 1159 2903; baseline 0.014 -54"><span class='ocrx_word' id='word_1_181' title='bbox 27 2774 287 2863; x_wconf 87' lang='lat' dir='ltr'><strong>declinationem</strong></span> <span class='ocrx_word' id='word_1_182' title='bbox 306 2790 569 2903; x_wconf 73' lang='lat' dir='ltr'><strong>vocabulorum,</strong></span> <span class='ocrx_word' id='word_1_183' title='bbox 593 2818 663 2890; x_wconf 91' lang='lat' dir='ltr'><strong>quo</strong></span> <span class='ocrx_word' id='word_1_184' title='bbox 683 2790 879 2866; x_wconf 89' lang='lat' dir='ltr'><strong>decurritur</strong></span> <span class='ocrx_word' id='word_1_185' title='bbox 898 2796 972 2866; x_wconf 90' lang='lat' dir='ltr'><strong>sine</strong></span> <span class='ocrx_word' id='word_1_186' title='bbox 991 2793 1159 2876; x_wconf 84' lang='lat' dir='ltr'><strong>doctrina,</strong></span> 
     </span>
    </p>
   </div>
   <div class='ocr_carea' id='block_1_5' title="bbox 25 3004 1230 3308">
    <p class='ocr_par' dir='ltr' id='par_1_6' title="bbox 25 3004 1230 3308">
     <span class='ocr_line' id='line_1_26' title="bbox 27 3004 1188 3093; baseline 0.02 -40"><span class='ocrx_word' id='word_1_187' title='bbox 27 3004 144 3068; x_wconf 75' lang='lat' dir='ltr'><strong>bendum</strong></span> <span class='ocrx_word' id='word_1_188' title='bbox 163 3021 393 3093; x_wconf 65' lang='lat' dir='ltr'><strong>(repraehensione</strong></span> <span class='ocrx_word' id='word_1_189' title='bbox 411 3023 461 3093; x_wconf 82' lang='lat' dir='ltr'><strong>G.)</strong></span> <span class='ocrx_word' id='word_1_190' title='bbox 477 3021 553 3077; x_wconf 87' lang='lat' dir='ltr'><strong>codd.</strong></span> <span class='ocrx_word' id='word_1_191' title='bbox 589 3021 642 3076; x_wconf 88' lang='lat' dir='ltr'><strong>Sed</strong></span> <span class='ocrx_word' id='word_1_192' title='bbox 662 3023 775 3092; x_wconf 87' lang='lat' dir='ltr'><strong>pendent</strong></span> <span class='ocrx_word' id='word_1_193' title='bbox 793 3022 857 3076; x_wconf 90' lang='lat' dir='ltr'><strong>haec</strong></span> <span class='ocrx_word' id='word_1_194' title='bbox 875 3041 891 3076; x_wconf 85' lang='lat' dir='ltr'><strong>a</strong></span> <span class='ocrx_word' id='word_1_195' title='bbox 909 3040 932 3075; x_wconf 88' lang='lat' dir='ltr'><strong>v.</strong></span> <span class='ocrx_word' id='word_1_196' title='bbox 952 3033 1000 3090; x_wconf 84' lang='lat' dir='ltr'><strong>ut,</strong></span> <span class='ocrx_word' id='word_1_197' title='bbox 1018 3039 1084 3091; x_wconf 85' lang='lat' dir='ltr'><strong>quae</strong></span> <span class='ocrx_word' id='word_1_198' title='bbox 1102 3023 1127 3076; x_wconf 92' lang='lat' dir='ltr'><strong>h.</strong></span> <span class='ocrx_word' id='word_1_199' title='bbox 1140 3025 1157 3077; x_wconf 90' lang='lat' dir='ltr'><strong>l.</strong></span> <span class='ocrx_word' id='word_1_200' title='bbox 1185 3075 1188 3082; x_wconf 78' lang='grc'><em>,</em></span> 
     </span>
     <span class='ocr_line' id='line_1_27' title="bbox 27 3085 1159 3163; baseline 0.007 -23"><span class='ocrx_word' id='word_1_201' title='bbox 27 3085 147 3143; x_wconf 75' lang='lat' dir='ltr'><strong>ranicula</strong></span> <span class='ocrx_word' id='word_1_202' title='bbox 175 3095 347 3148; x_wconf 89' lang='lat' dir='ltr'><strong>conclusionis</strong></span> <span class='ocrx_word' id='word_1_203' title='bbox 374 3101 422 3148; x_wconf 88' lang='lat' dir='ltr'><strong>est.</strong></span> <span class='ocrx_word' id='word_1_204' title='bbox 463 3095 537 3148; x_wconf 87' lang='lat' dir='ltr'><strong>Loco</strong></span> <span class='ocrx_word' id='word_1_205' title='bbox 555 3109 580 3146; x_wconf 82' lang='lat' dir='ltr'><strong>r.</strong></span> <span class='ocrx_word' id='word_1_206' title='bbox 600 3103 632 3144; x_wconf 78' lang='lat' dir='ltr'><strong>ut</strong></span> <span class='ocrx_word' id='word_1_207' title='bbox 649 3111 776 3162; x_wconf 84' lang='lat' dir='ltr'><strong>reponere</strong></span> <span class='ocrx_word' id='word_1_208' title='bbox 798 3105 826 3144; x_wconf 81' lang='lat' dir='ltr'><strong>er</strong></span> <span class='ocrx_word' id='word_1_209' title='bbox 844 3097 927 3147; x_wconf 88' lang='lat' dir='ltr'><strong>minus</strong></span> <span class='ocrx_word' id='word_1_210' title='bbox 945 3097 1039 3163; x_wconf 88' lang='lat' dir='ltr'><strong>placet.</strong></span> <span class='ocrx_word' id='word_1_211' title='bbox 1074 3095 1159 3148; x_wconf 86' lang='lat' dir='ltr'><strong>Inter-</strong></span> 
     </span>
     <span class='ocr_line' id='line_1_28' title="bbox 26 3158 1159 3234; baseline 0.011 -28"><span class='ocrx_word' id='word_1_212' title='bbox 26 3158 126 3232; x_wconf 68' lang='lat' dir='ltr'><strong>parratio</strong></span> <span class='ocrx_word' id='word_1_213' title='bbox 152 3181 202 3232; x_wconf 91' lang='lat' dir='ltr'><strong>per</strong></span> <span class='ocrx_word' id='word_1_214' title='bbox 226 3172 307 3218; x_wconf 87' lang='lat' dir='ltr'><strong>totam</strong></span> <span class='ocrx_word' id='word_1_215' title='bbox 330 3165 395 3219; x_wconf 87' lang='lat' dir='ltr'><strong>hano</strong></span> <span class='ocrx_word' id='word_1_216' title='bbox 425 3167 560 3234; x_wconf 88' lang='lat' dir='ltr'><strong>periodum</strong></span> <span class='ocrx_word' id='word_1_217' title='bbox 588 3166 701 3231; x_wconf 79' lang='lat' dir='ltr'><strong>graviter</strong></span> <span class='ocrx_word' id='word_1_218' title='bbox 725 3166 842 3218; x_wconf 79' lang='lat' dir='ltr'><strong>laborans</strong></span> <span class='ocrx_word' id='word_1_219' title='bbox 865 3182 933 3218; x_wconf 88' lang='lat' dir='ltr'><strong>nunc</strong></span> <span class='ocrx_word' id='word_1_220' title='bbox 957 3168 1076 3219; x_wconf 87' lang='lat' dir='ltr'><strong>restituta</strong></span> <span class='ocrx_word' id='word_1_221' title='bbox 1101 3183 1159 3219; x_wconf 86' lang='lat' dir='ltr'><strong>esse</strong></span> 
     </span>
     <span class='ocr_line' id='line_1_29' title="bbox 25 3221 1230 3308; baseline 0.012 -33"><span class='ocrx_word' id='word_1_222' title='bbox 25 3221 129 3283; x_wconf 82' lang='lat' dir='ltr'><strong>udatur.</strong></span> <span class='ocrx_word' id='word_1_223' title='bbox 230 3238 369 3306; x_wconf 82' lang='lat' dir='ltr'><strong>naturam]</strong></span> <span class='ocrx_word' id='word_1_224' title='bbox 384 3237 451 3290; x_wconf 89' lang='lat' dir='ltr'><strong>coni.</strong></span> <span class='ocrx_word' id='word_1_225' title='bbox 487 3246 591 3290; x_wconf 83' lang='lat' dir='ltr'><strong>natura</strong></span> <span class='ocrx_word' id='word_1_226' title='bbox 604 3237 635 3290; x_wconf 86' lang='lat' dir='ltr'><strong>F.</strong></span> <span class='ocrx_word' id='word_1_227' title='bbox 672 3237 811 3290; x_wconf 84' lang='lat' dir='ltr'><strong>omGHa.</strong></span> <span class='ocrx_word' id='word_1_228' title='bbox 835 3237 901 3290; x_wconf 87' lang='lat' dir='ltr'><strong>Post</strong></span> <span class='ocrx_word' id='word_1_229' title='bbox 919 3237 984 3292; x_wconf 86' lang='lat' dir='ltr'><strong>baec</strong></span> <span class='ocrx_word' id='word_1_230' title='bbox 1002 3238 1158 3308; x_wconf 85' lang='lat' dir='ltr'><strong>interpunxi.</strong></span> <span class='ocrx_word' id='word_1_231' title='bbox 1228 3259 1230 3262; x_wconf 95' lang='lat'>·</span> 
     </span>
    </p>
   </div>
   <div class='ocr_carea' id='block_1_6' title="bbox 26 3340 1159 3784">
    <p class='ocr_par' dir='ltr' id='par_1_7' title="bbox 26 3340 1159 3784">
     <span class='ocr_line' id='line_1_30' title="bbox 133 3340 1159 3427; baseline 0.007 -20"><span class='ocrx_word' id='word_1_232' title='bbox 133 3340 189 3408; x_wconf 81' lang='grc'><strong>49.</strong></span> <span class='ocrx_word' id='word_1_233' title='bbox 216 3360 336 3427; x_wconf 79' lang='lat' dir='ltr'><strong>videtur]</strong></span> <span class='ocrx_word' id='word_1_234' title='bbox 362 3363 483 3416; x_wconf 89' lang='lat' dir='ltr'><strong>Placeret</strong></span> <span class='ocrx_word' id='word_1_235' title='bbox 506 3359 598 3414; x_wconf 80' lang='lat' dir='ltr'><strong>videri.</strong></span> <span class='ocrx_word' id='word_1_236' title='bbox 640 3355 708 3412; x_wconf 87' lang='lat' dir='ltr'><strong>Nam</strong></span> <span class='ocrx_word' id='word_1_237' title='bbox 728 3359 790 3412; x_wconf 88' lang='lat' dir='ltr'><strong>dicit</strong></span> <span class='ocrx_word' id='word_1_238' title='bbox 808 3360 907 3425; x_wconf 86' lang='lat' dir='ltr'><strong>Varro,</strong></span> <span class='ocrx_word' id='word_1_239' title='bbox 930 3361 998 3412; x_wconf 89' lang='lat' dir='ltr'><strong>sicut</strong></span> <span class='ocrx_word' id='word_1_240' title='bbox 1014 3360 1159 3426; x_wconf 76' lang='lat' dir='ltr'><strong>analogiam</strong></span> 
     </span>
     <span class='ocr_line' id='line_1_31' title="bbox 27 3423 1159 3502; baseline -0.003 -16"><span class='ocrx_word' id='word_1_241' title='bbox 27 3423 80 3466; x_wconf 64' lang='lat'><strong>‘⁵⁵⁸</strong></span> <span class='ocrx_word' id='word_1_242' title='bbox 94 3437 172 3486; x_wconf 78' lang='lat' dir='ltr'><strong>posse</strong></span> <span class='ocrx_word' id='word_1_243' title='bbox 192 3435 271 3486; x_wconf 88' lang='lat' dir='ltr'><strong>trium</strong></span> <span class='ocrx_word' id='word_1_244' title='bbox 288 3437 414 3502; x_wconf 85' lang='lat' dir='ltr'><strong>partium,</strong></span> <span class='ocrx_word' id='word_1_245' title='bbox 433 3435 454 3486; x_wconf 91' lang='lat' dir='ltr'><strong>si</strong></span> <span class='ocrx_word' id='word_1_246' title='bbox 473 3435 608 3486; x_wconf 82' lang='lat' dir='ltr'><strong>couiuireta</strong></span> <span class='ocrx_word' id='word_1_247' title='bbox 626 3433 674 3483; x_wconf 80' lang='lat' dir='ltr'><strong>sit:</strong></span> <span class='ocrx_word' id='word_1_248' title='bbox 693 3447 769 3498; x_wconf 87' lang='lat' dir='ltr'><strong>posse</strong></span> <span class='ocrx_word' id='word_1_249' title='bbox 787 3448 843 3484; x_wconf 87' lang='lat' dir='ltr'><strong>eam</strong></span> <span class='ocrx_word' id='word_1_250' title='bbox 863 3431 957 3484; x_wconf 84' lang='lat' dir='ltr'><strong>babere</strong></span> <span class='ocrx_word' id='word_1_251' title='bbox 975 3433 1053 3484; x_wconf 88' lang='lat' dir='ltr'><strong>etiam</strong></span> <span class='ocrx_word' id='word_1_252' title='bbox 1072 3434 1159 3498; x_wconf 85' lang='lat' dir='ltr'><strong>plures</strong></span> 
     </span>
     <span class='ocr_line' id='line_1_32' title="bbox 26 3495 1157 3572; baseline 0.003 -20"><span class='ocrx_word' id='word_1_253' title='bbox 26 3495 98 3543; x_wconf 64' lang='lat' dir='ltr'><strong>‘luam</strong></span> <span class='ocrx_word' id='word_1_254' title='bbox 122 3509 236 3564; x_wconf 81' lang='lat' dir='ltr'><strong>quatuor</strong></span> <span class='ocrx_word' id='word_1_255' title='bbox 262 3511 357 3572; x_wconf 88' lang='lat' dir='ltr'><strong>partes.</strong></span> <span class='ocrx_word' id='word_1_256' title='bbox 526 3503 580 3554; x_wconf 83' lang='lat' dir='ltr'><strong>sic:</strong></span> <span class='ocrx_word' id='word_1_257' title='bbox 599 3504 642 3568; x_wconf 80' lang='lat' dir='ltr'><strong>ut]</strong></span> <span class='ocrx_word' id='word_1_258' title='bbox 668 3504 769 3569; x_wconf 88' lang='lat' dir='ltr'><strong>scripsi.</strong></span> <span class='ocrx_word' id='word_1_259' title='bbox 806 3504 877 3552; x_wconf 81' lang='lat' dir='ltr'><strong>sicut</strong></span> <span class='ocrx_word' id='word_1_260' title='bbox 895 3503 968 3553; x_wconf 77' lang='lat' dir='ltr'><strong>rita.</strong></span> <span class='ocrx_word' id='word_1_261' title='bbox 1004 3503 1044 3554; x_wconf 77' lang='lat' dir='ltr'><strong>sic</strong></span> <span class='ocrx_word' id='word_1_262' title='bbox 1062 3505 1096 3554; x_wconf 85' lang='lat' dir='ltr'><strong>G.</strong></span> <span class='ocrx_word' id='word_1_263' title='bbox 1124 3504 1157 3556; x_wconf 85' lang='lat' dir='ltr'><strong>ci.</strong></span> 
     </span>
     <span class='ocr_line' id='line_1_33' title="bbox 27 3552 1159 3641; baseline 0 -14"><span class='ocrx_word' id='word_1_264' title='bbox 27 3552 103 3638; x_wconf 60' lang='lat'>§245-</span> <span class='ocrx_word' id='word_1_265' title='bbox 221 3575 357 3626; x_wconf 70' lang='lat' dir='ltr'><strong>*Diomedi</strong></span> <span class='ocrx_word' id='word_1_266' title='bbox 374 3574 424 3640; x_wconf 63' lang='grc' dir='ltr'><strong>οῖ’]</strong></span> <span class='ocrx_word' id='word_1_267' title='bbox 444 3573 508 3628; x_wconf 87' lang='lat' dir='ltr'><strong>haec</strong></span> <span class='ocrx_word' id='word_1_268' title='bbox 524 3573 641 3626; x_wconf 88' lang='lat' dir='ltr'><strong>addenda</strong></span> <span class='ocrx_word' id='word_1_269' title='bbox 660 3589 725 3639; x_wconf 89' lang='lat' dir='ltr'><strong>esse,</strong></span> <span class='ocrx_word' id='word_1_270' title='bbox 741 3573 804 3626; x_wconf 86' lang='lat' dir='ltr'><strong>vidit</strong></span> <span class='ocrx_word' id='word_1_271' title='bbox 819 3575 982 3641; x_wconf 83' lang='lat' dir='ltr'><strong>Spengelius.</strong></span> <span class='ocrx_word' id='word_1_272' title='bbox 1020 3574 1159 3627; x_wconf 84' lang='lat' dir='ltr'><strong>Caeterum</strong></span> 
     </span>
     <span class='ocr_line' id='line_1_34' title="bbox 27 3629 1159 3717; baseline 0.023 -45"><span class='ocrx_word' id='word_1_273' title='bbox 27 3629 106 3717; x_wconf 46' lang='lat' dir='ltr'><strong>ettam·</strong></span> <span class='ocrx_word' id='word_1_274' title='bbox 118 3645 225 3702; x_wconf 80' lang='lat' dir='ltr'><strong>gravius</strong></span> <span class='ocrx_word' id='word_1_275' title='bbox 240 3647 344 3714; x_wconf 86' lang='lat' dir='ltr'><strong>aliquod</strong></span> <span class='ocrx_word' id='word_1_276' title='bbox 357 3647 476 3699; x_wconf 83' lang='lat' dir='ltr'><strong>meadum</strong></span> <span class='ocrx_word' id='word_1_277' title='bbox 495 3648 588 3711; x_wconf 87' lang='lat' dir='ltr'><strong>inesse,</strong></span> <span class='ocrx_word' id='word_1_278' title='bbox 607 3661 657 3697; x_wconf 91' lang='lat' dir='ltr'><strong>uon</strong></span> <span class='ocrx_word' id='word_1_279' title='bbox 672 3660 736 3713; x_wconf 86' lang='lat' dir='ltr'><strong>opus</strong></span> <span class='ocrx_word' id='word_1_280' title='bbox 755 3652 795 3698; x_wconf 85' lang='lat' dir='ltr'><strong>est</strong></span> <span class='ocrx_word' id='word_1_281' title='bbox 812 3650 842 3695; x_wconf 90' lang='lat' dir='ltr'><strong>ut</strong></span> <span class='ocrx_word' id='word_1_282' title='bbox 853 3650 960 3708; x_wconf 88' lang='lat' dir='ltr'><strong>statuas,</strong></span> <span class='ocrx_word' id='word_1_283' title='bbox 977 3643 1055 3697; x_wconf 89' lang='lat' dir='ltr'><strong>modo</strong></span> <span class='ocrx_word' id='word_1_284' title='bbox 1069 3645 1159 3698; x_wconf 86' lang='lat' dir='ltr'><strong>obser-</strong></span> 
     </span>
     <span class='ocr_line' id='line_1_35' title="bbox 26 3703 1044 3784; baseline 0.011 -26"><span class='ocrx_word' id='word_1_285' title='bbox 26 3703 121 3758; x_wconf 65' lang='lat' dir='ltr'><strong>v“verm</strong></span> <span class='ocrx_word' id='word_1_286' title='bbox 139 3713 275 3770; x_wconf 81' lang='lat' dir='ltr'><strong>Herculea</strong></span> <span class='ocrx_word' id='word_1_287' title='bbox 293 3725 320 3771; x_wconf 90' lang='lat' dir='ltr'><strong>et</strong></span> <span class='ocrx_word' id='word_1_288' title='bbox 337 3718 477 3770; x_wconf 82' lang='lat' dir='ltr'><strong>Diomedes</strong></span> <span class='ocrx_word' id='word_1_289' title='bbox 496 3719 570 3772; x_wconf 88' lang='lat' dir='ltr'><strong>simul</strong></span> <span class='ocrx_word' id='word_1_290' title='bbox 591 3717 730 3784; x_wconf 85' lang='lat' dir='ltr'><strong>singularia</strong></span> <span class='ocrx_word' id='word_1_291' title='bbox 748 3723 775 3768; x_wconf 86' lang='lat' dir='ltr'><strong>et</strong></span> <span class='ocrx_word' id='word_1_292' title='bbox 792 3715 961 3769; x_wconf 86' lang='lat' dir='ltr'><strong>multitudinis</strong></span> <span class='ocrx_word' id='word_1_293' title='bbox 979 3731 1044 3770; x_wconf 89' lang='lat' dir='ltr'><strong>esse.</strong></span> 
     </span>
    </p>
   </div>
   <div class='ocr_carea' id='block_1_7' title="bbox 27 3818 1161 4391">
    <p class='ocr_par' dir='ltr' id='par_1_8' title="bbox 27 3818 1161 3977">
     <span class='ocr_line' id='line_1_36' title="bbox 27 3818 1160 3925; baseline -0.004 -33"><span class='ocrx_word' id='word_1_294' title='bbox 27 3878 54 3925; x_wconf 63' lang='grc' dir='ltr'><strong>Ι.</strong></span> <span class='ocrx_word' id='word_1_295' title='bbox 138 3818 194 3885; x_wconf 84' lang='lat'><strong>50·</strong></span> <span class='ocrx_word' id='word_1_296' title='bbox 220 3841 269 3908; x_wconf 80' lang='lat' dir='ltr'><strong>Et]</strong></span> <span class='ocrx_word' id='word_1_297' title='bbox 294 3841 401 3894; x_wconf 81' lang='lat' dir='ltr'><strong>Haece</strong></span> <span class='ocrx_word' id='word_1_298' title='bbox 419 3839 594 3910; x_wconf 87' lang='lat' dir='ltr'><strong>superioribus</strong></span> <span class='ocrx_word' id='word_1_299' title='bbox 612 3839 737 3906; x_wconf 86' lang='lat' dir='ltr'><strong>separavi.</strong></span> <span class='ocrx_word' id='word_1_300' title='bbox 877 3836 954 3902; x_wconf 78' lang='lat' dir='ltr'><strong>haec]</strong></span> <span class='ocrx_word' id='word_1_301' title='bbox 973 3839 1072 3906; x_wconf 87' lang='lat' dir='ltr'><strong>scripsi.</strong></span> <span class='ocrx_word' id='word_1_302' title='bbox 1108 3837 1160 3888; x_wconf 80' lang='lat' dir='ltr'><strong>trae</strong></span> 
     </span>
     <span class='ocr_line' id='line_1_37' title="bbox 36 3893 1161 3977; baseline 0 -13"><span class='ocrx_word' id='word_1_303' title='bbox 36 3898 67 3935; x_wconf 74' lang='lat'><strong>²¹⁶</strong></span> <span class='ocrx_word' id='word_1_304' title='bbox 85 3893 115 3948; x_wconf 67' lang='lat' dir='ltr'><strong>F·</strong></span> <span class='ocrx_word' id='word_1_305' title='bbox 153 3905 208 3958; x_wconf 79' lang='lat' dir='ltr'><strong>hae</strong></span> <span class='ocrx_word' id='word_1_306' title='bbox 227 3913 288 3966; x_wconf 88' lang='lat' dir='ltr'><strong>GH.</strong></span> <span class='ocrx_word' id='word_1_307' title='bbox 324 3913 357 3964; x_wconf 73' lang='lat' dir='ltr'><strong>lia</strong></span> <span class='ocrx_word' id='word_1_308' title='bbox 375 3929 397 3964; x_wconf 89' lang='lat' dir='ltr'><strong>a.</strong></span> <span class='ocrx_word' id='word_1_309' title='bbox 530 3910 574 3976; x_wconf 78' lang='lat' dir='ltr'><strong>ab]</strong></span> <span class='ocrx_word' id='word_1_310' title='bbox 592 3912 692 3977; x_wconf 86' lang='lat' dir='ltr'><strong>scripsi.</strong></span> <span class='ocrx_word' id='word_1_311' title='bbox 729 3927 762 3960; x_wconf 84' lang='lat' dir='ltr'><strong>ac</strong></span> <span class='ocrx_word' id='word_1_312' title='bbox 779 3909 836 3960; x_wconf 78' lang='lat' dir='ltr'><strong>Fe.</strong></span> <span class='ocrx_word' id='word_1_313' title='bbox 873 3919 900 3960; x_wconf 84' lang='lat' dir='ltr'><strong>et</strong></span> <span class='ocrx_word' id='word_1_314' title='bbox 917 3910 952 3964; x_wconf 90' lang='lat' dir='ltr'><strong>H.</strong></span> <span class='ocrx_word' id='word_1_315' title='bbox 989 3925 1007 3958; x_wconf 85' lang='lat' dir='ltr'><strong>a</strong></span> <span class='ocrx_word' id='word_1_316' title='bbox 1024 3927 1048 3966; x_wconf 86' lang='lat' dir='ltr'><strong>a.</strong></span> <span class='ocrx_word' id='word_1_317' title='bbox 1074 3915 1103 3961; x_wconf 91' lang='lat' dir='ltr'><strong>ut</strong></span> <span class='ocrx_word' id='word_1_318' title='bbox 1121 3911 1161 3964; x_wconf 87' lang='lat' dir='ltr'><strong>vi-</strong></span> 
     </span>
    </p>

    <p class='ocr_par' dir='ltr' id='par_1_9' title="bbox 28 3951 1158 4051">
     <span class='ocr_line' id='line_1_38' title="bbox 28 3951 1158 4051; baseline 0.002 -19"><span class='ocrx_word' id='word_1_319' title='bbox 28 3951 204 4032; x_wconf 48' lang='lat' dir='ltr'><strong>detura&#39;slcut</strong></span> <span class='ocrx_word' id='word_1_320' title='bbox 222 4001 265 4050; x_wconf 82' lang='lat' dir='ltr'><strong>ug.</strong></span> <span class='ocrx_word' id='word_1_321' title='bbox 380 3981 529 4048; x_wconf 82' lang='lat' dir='ltr'><strong>discedunt]</strong></span> <span class='ocrx_word' id='word_1_322' title='bbox 544 3983 594 4034; x_wconf 85' lang='lat' dir='ltr'><strong>Ga.</strong></span> <span class='ocrx_word' id='word_1_323' title='bbox 631 3979 791 4032; x_wconf 83' lang='lat' dir='ltr'><strong>descendunt</strong></span> <span class='ocrx_word' id='word_1_324' title='bbox 810 3984 871 4032; x_wconf 85' lang='lat' dir='ltr'><strong>cett.</strong></span> <span class='ocrx_word' id='word_1_325' title='bbox 968 3978 1109 4051; x_wconf 82' lang='lat' dir='ltr'><strong>obliquam]</strong></span> <span class='ocrx_word' id='word_1_326' title='bbox 1128 3981 1158 4034; x_wconf 87' lang='lat' dir='ltr'><strong>F.</strong></span> 
     </span>
    </p>

    <p class='ocr_par' dir='ltr' id='par_1_10' title="bbox 28 4031 1158 4260">
     <span class='ocr_line' id='line_1_39' title="bbox 28 4031 1158 4136; baseline 0.006 -37"><span class='ocrx_word' id='word_1_327' title='bbox 28 4031 53 4136; x_wconf 64' lang='lat' dir='ltr'><strong>Jt</strong></span> <span class='ocrx_word' id='word_1_328' title='bbox 70 4047 144 4118; x_wconf 55' lang='lat' dir='ltr'><strong>agili</strong></span> <span class='ocrx_word' id='word_1_329' title='bbox 157 4051 270 4106; x_wconf 86' lang='lat' dir='ltr'><strong>videtur.</strong></span> <span class='ocrx_word' id='word_1_330' title='bbox 384 4053 504 4121; x_wconf 80' lang='lat' dir='ltr'><strong>Baebia]</strong></span> <span class='ocrx_word' id='word_1_331' title='bbox 522 4053 621 4120; x_wconf 85' lang='lat' dir='ltr'><strong>scripsi.</strong></span> <span class='ocrx_word' id='word_1_332' title='bbox 658 4049 742 4102; x_wconf 85' lang='lat' dir='ltr'><strong>oehiei</strong></span> <span class='ocrx_word' id='word_1_333' title='bbox 759 4051 790 4104; x_wconf 88' lang='lat' dir='ltr'><strong>F.</strong></span> <span class='ocrx_word' id='word_1_334' title='bbox 827 4049 933 4102; x_wconf 79' lang='lat' dir='ltr'><strong>haebrei</strong></span> <span class='ocrx_word' id='word_1_335' title='bbox 950 4054 984 4105; x_wconf 86' lang='lat' dir='ltr'><strong>G.</strong></span> <span class='ocrx_word' id='word_1_336' title='bbox 1021 4051 1105 4102; x_wconf 85' lang='lat' dir='ltr'><strong>aebici</strong></span> <span class='ocrx_word' id='word_1_337' title='bbox 1122 4053 1158 4106; x_wconf 94' lang='grc' dir='ltr'><strong>Η.</strong></span> 
     </span>
     <span class='ocr_line' id='line_1_40' title="bbox 28 4097 1156 4212; baseline -0.001 -35"><span class='ocrx_word' id='word_1_338' title='bbox 28 4097 108 4212; x_wconf 60' lang='lat' dir='ltr'><strong>pa..</strong></span> <span class='ocrx_word' id='word_1_339' title='bbox 127 4129 152 4168; x_wconf 75' lang='lat' dir='ltr'><strong>a·</strong></span> <span class='ocrx_word' id='word_1_340' title='bbox 185 4125 298 4188; x_wconf 75' lang='lat' dir='ltr'><strong>¹maa</strong></span> <span class='ocrx_word' id='word_1_341' title='bbox 324 4122 411 4174; x_wconf 77' lang='lat' dir='ltr'><strong>aeetae</strong></span> <span class='ocrx_word' id='word_1_342' title='bbox 433 4124 491 4176; x_wconf 82' lang='lat' dir='ltr'><strong>ru.</strong></span> <span class='ocrx_word' id='word_1_343' title='bbox 535 4121 665 4176; x_wconf 70' lang='lat' dir='ltr'><strong>taenea</strong></span> <span class='ocrx_word' id='word_1_344' title='bbox 683 4125 716 4175; x_wconf 81' lang='lat' dir='ltr'><strong>a.</strong></span> <span class='ocrx_word' id='word_1_345' title='bbox 754 4121 810 4192; x_wconf 64' lang='lat' dir='ltr'><strong>aaa</strong></span> <span class='ocrx_word' id='word_1_346' title='bbox 826 4139 850 4173; x_wconf 69' lang='lat' dir='ltr'><strong>a.</strong></span> <span class='ocrx_word' id='word_1_347' title='bbox 887 4122 923 4174; x_wconf 82' lang='lat' dir='ltr'><strong>ut</strong></span> <span class='ocrx_word' id='word_1_348' title='bbox 946 4123 1038 4176; x_wconf 74' lang='lat' dir='ltr'><strong>uernae</strong></span> <span class='ocrx_word' id='word_1_349' title='bbox 1062 4122 1156 4176; x_wconf 65' lang='lat' dir='ltr'><strong>aeaeae</strong></span> 
     </span>
     <span class='ocr_line' id='line_1_41' title="bbox 50 4179 1156 4260; baseline 0.012 -27"><span class='ocrx_word' id='word_1_350' title='bbox 50 4183 72 4221; x_wconf 65' lang='grc' dir='ltr'><strong>θ·</strong></span> <span class='ocrx_word' id='word_1_351' title='bbox 88 4246 94 4258; x_wconf 47' lang='lat'><strong>·</strong></span> <span class='ocrx_word' id='word_1_352' title='bbox 109 4179 234 4248; x_wconf 78' lang='lat' dir='ltr'><strong>haebreis</strong></span> <span class='ocrx_word' id='word_1_353' title='bbox 253 4199 287 4249; x_wconf 86' lang='lat' dir='ltr'><strong>G.</strong></span> <span class='ocrx_word' id='word_1_354' title='bbox 324 4193 415 4246; x_wconf 82' lang='lat' dir='ltr'><strong>bibicis</strong></span> <span class='ocrx_word' id='word_1_355' title='bbox 428 4197 462 4248; x_wconf 93' lang='lat' dir='ltr'><strong>H.</strong></span> <span class='ocrx_word' id='word_1_356' title='bbox 558 4194 651 4260; x_wconf 80' lang='lat' dir='ltr'><strong>Caelia]</strong></span> <span class='ocrx_word' id='word_1_357' title='bbox 671 4195 703 4246; x_wconf 86' lang='lat' dir='ltr'><strong>G.</strong></span> <span class='ocrx_word' id='word_1_358' title='bbox 740 4193 801 4244; x_wconf 84' lang='lat' dir='ltr'><strong>celii</strong></span> <span class='ocrx_word' id='word_1_359' title='bbox 817 4194 847 4245; x_wconf 89' lang='lat' dir='ltr'><strong>F.</strong></span> <span class='ocrx_word' id='word_1_360' title='bbox 884 4192 952 4244; x_wconf 83' lang='lat' dir='ltr'><strong>caeli</strong></span> <span class='ocrx_word' id='word_1_361' title='bbox 969 4195 1004 4247; x_wconf 89' lang='lat' dir='ltr'><strong>H.</strong></span> <span class='ocrx_word' id='word_1_362' title='bbox 1041 4195 1117 4246; x_wconf 83' lang='lat' dir='ltr'><strong>coelii</strong></span> <span class='ocrx_word' id='word_1_363' title='bbox 1132 4212 1156 4246; x_wconf 86' lang='lat' dir='ltr'><strong>a.</strong></span> 
     </span>
    </p>

    <p class='ocr_par' dir='ltr' id='par_1_11' title="bbox 27 4241 1157 4391">
     <span class='ocr_line' id='line_1_42' title="bbox 27 4241 1157 4352; baseline -0.002 -36"><span class='ocrx_word' id='word_1_364' title='bbox 27 4241 54 4352; x_wconf 49' lang='lat' dir='ltr'><strong>{t</strong></span> <span class='ocrx_word' id='word_1_365' title='bbox 70 4247 181 4326; x_wconf 62' lang='lat' dir='ltr'><strong>Videtur,</strong></span> <span class='ocrx_word' id='word_1_366' title='bbox 298 4263 367 4332; x_wconf 85' lang='lat' dir='ltr'><strong>olas]</strong></span> <span class='ocrx_word' id='word_1_367' title='bbox 387 4274 413 4320; x_wconf 87' lang='lat' dir='ltr'><strong>et</strong></span> <span class='ocrx_word' id='word_1_368' title='bbox 432 4265 514 4332; x_wconf 84' lang='lat' dir='ltr'><strong>olera]</strong></span> <span class='ocrx_word' id='word_1_369' title='bbox 534 4264 611 4318; x_wconf 81' lang='lat' dir='ltr'><strong>holus</strong></span> <span class='ocrx_word' id='word_1_370' title='bbox 629 4272 655 4317; x_wconf 89' lang='lat' dir='ltr'><strong>et</strong></span> <span class='ocrx_word' id='word_1_371' title='bbox 673 4264 764 4317; x_wconf 76' lang='lat' dir='ltr'><strong>tatere</strong></span> <span class='ocrx_word' id='word_1_372' title='bbox 782 4282 805 4318; x_wconf 87' lang='lat' dir='ltr'><strong>a.</strong></span> <span class='ocrx_word' id='word_1_373' title='bbox 831 4280 881 4318; x_wconf 86' lang='lat' dir='ltr'><strong>uon</strong></span> <span class='ocrx_word' id='word_1_374' title='bbox 899 4267 974 4321; x_wconf 85' lang='lat' dir='ltr'><strong>male.</strong></span> <span class='ocrx_word' id='word_1_375' title='bbox 1063 4265 1157 4333; x_wconf 83' lang='lat' dir='ltr'><strong>istam]</strong></span> 
     </span>
     <span class='ocr_line' id='line_1_43' title="bbox 50 4323 409 4391; baseline 0.017 -6"><span class='ocrx_word' id='word_1_376' title='bbox 50 4323 64 4357; x_wconf 87' lang='lat'><strong>¹¹</strong></span> <span class='ocrx_word' id='word_1_377' title='bbox 84 4330 179 4379; x_wconf 54' lang='lat' dir='ltr'><strong>utana</strong></span> <span class='ocrx_word' id='word_1_378' title='bbox 196 4336 380 4391; x_wconf 68' lang='lat' dir='ltr'><strong>scribendum?</strong></span> <span class='ocrx_word' id='word_1_379' title='bbox 404 4351 409 4361; x_wconf 92' lang='lat'>·</span> 
     </span>
    </p>
   </div>
   <div class='ocr_carea' id='block_1_8' title="bbox 0 0 1442 4804">
    <p class='ocr_par' dir='ltr' id='par_1_12' title="bbox 0 0 1442 4804">
     <span class='ocr_line' id='line_1_44' title="bbox 0 0 1442 4804; baseline 0 1"><span class='ocrx_word' id='word_1_380' title='bbox 0 0 1442 4804; x_wconf 95' lang='lat' dir='ltr'><strong> </strong></span> 
     </span>
    </p>
   </div>
  </div>
 </body>
</html>
