2866 4812
439 211 476 313 5·
515 228 564 298 71
592 254 643 270 -·
666 216 731 299 76.
1077 209 1157 288 lte

40 427 116 500 quae
152 411 284 499 praeter
325 399 391 471 alia
432 411 532 474 eraut
570 375 750 500 insignius
787 407 891 498 alque
929 400 973 472 ad
1007 400 1157 499 aliquem

39 531 147 596 usum,
190 504 253 574 ut*
289 501 445 574 culturae
480 513 616 599 tempus
654 500 926 600 designandum,
973 505 1158 576 convenire

38 602 396 678 animadvertebantur.
520 601 588 675 74.
625 603 714 676 Eius
731 605 830 703 signa
850 614 945 696 sunt,
973 602 1068 701 quod
1093 602 1157 676 bas

39 717 153 803 septem
180 704 297 778 stellas
323 703 471 796 Graeci,
508 714 547 776 ut
574 705 773 798 Homerus,
812 717 938 778 vocant
957 698 1158 805 Ἄμαξαν,

38 820 65 878 et
85 810 314 906 propinquum
337 809 410 878 eius
430 806 582 906 signum,
611 803 785 900 Bosirspv3
809 809 919 880 nostri
940 832 999 880 eas
1025 817 1199 905 septemos

37 909 161 1001 stellas,
211 907 352 981 boves
389 921 424 980 et
457 919 678 981 temonem
718 920 753 981 et
787 934 894 1006 prope
926 935 983 984 eas
1015 934 1153 981 axem.
1205 977 1211 997 ,

37 1008 174 1083 Triones
208 1013 299 1083 euim
328 1008 434 1082 boves
461 1009 678 1107 appellamur
707 1037 726 1082 a
749 1007 912 1082 bubulcis
938 1012 1041 1083 etiam
1065 1035 1218 1112 nuneffi

36 1137 182 1185 maxume
208 1139 314 1211 quom
339 1122 439 1184 arant
464 1121 614 1200 terram3
657 1139 677 1184 e
710 1114 789 1210 quis
816 1124 855 1188 ut
880 1111 963 1184 dieti
993 1117 1156 1185 valentes
1262 1111 1271 1116 “

36 1217 182 1308 glebarii
216 1217 276 1312 qui
310 1213 411 1285 facile
443 1214 670 1310 proscindunt
703 1212 843 1314 glebas,
881 1215 932 1285 sic
957 1216 1068 1286 omnis
1097 1217 1158 1312 qui
1255 1247 1258 1254 ·

36 1325 151 1387 terram
177 1315 342 1406 arabant,
368 1341 389 1385 a
414 1324 506 1389 terra
527 1317 777 1406 terriones,
806 1301 900 1386 unde
925 1318 1097 1387 triones
1119 1327 1158 1386 ut

34 1415 222 1489 dicerentur
243 1419 278 1488 E
299 1417 436 1489 detrito.
554 1415 622 1488 75.
662 1419 791 1490 'l'emo
810 1416 924 1489 dietus
947 1443 968 1488 a
988 1415 1155 1510 teuend03

36 1520 59 1586 is
82 1521 172 1591 enim
200 1521 355 1591 continet
379 1519 512 1615 iugum.
568 1520 619 1589 lot
648 1519 905 1617 plaustrum
931 1517 1156 1616 appellatum,

35 1645 49 1688 a
68 1633 163 1716 parte
185 1631 311 1710 totum,
338 1630 379 1690 ut
402 1619 524 1691 multa.
568 1621 735 1712 „Possunt
753 1622 883 1693 triones
905 1618 989 1692 dicti
1012 1631 1156 1717 septem,

34 1724 116 1817 quod
145 1725 196 1793 ita
226 1723 312 1793 sitae
336 1718 476 1815 stellae,
515 1732 695 1796 ut·ternae
720 1724 856 1822 trigona
881 1720 1024 1793 faciant.

124 1866 193 1940 ⁷6.
232 1870 363 1960 Aiax*,
387 1874 487 1964 qood
503 1874 641 1966 lumen,
668 1874 824 1945 iuborne
845 1875 883 1945 in
904 1875 1006 1944 caclo
1022 1867 1161 1943 cerno?
1199 1909 1204 1918 ι

34 1988 163 2063 iubar
189 1989 318 2063 dicitur
339 1989 458 2084 stella,
494 1991 639 2066 Lucifer
666 2019 755 2092 quae
780 1996 816 2065 in
839 1998 1028 2089 summo†,
1067 1989 1220 2094 quon

36 2089 133 2166 habet
156 2091 276 2168 lumen
301 2091 485 2188 diffusum,
523 2105 562 2167 ut
584 2095 640 2172 leo
665 2097 833 2194 incapite
855 2094 987 2172 iubam.
1041 2093 1160 2166 Huius

611 2209 629 2262 Ι
845 2217 850 2230 .

37 2332 120 2383 cogens
140 2316 239 2387 (agens
257 2318 340 2384 Gab.)
359 2317 441 2370 etiam
466 2319 541 2373 codd.
586 2337 680 2387 cogens
704 2325 763 2370 ante
782 2316 899 2370 sublima
921 2319 1009 2386 posuit
1033 2319 1160 2384 Scaliger.

37 2388 84 2450 αι’]
101 2390 167 2440 coni.
186 2387 282 2440 addidi.
319 2389 356 2438 acl
372 2396 432 2443 aute
450 2399 553 2459 tempus
568 2391 659 2442 inserit
674 2391 835 2442 Turnebusa

135 2491 190 2557 74.
220 2501 341 2573 Βοώτην]
364 2522 407 2571 vg.
452 2505 544 2558 booten
568 2507 598 2558 F.
641 2508 729 2567 {loom
757 2504 791 2557 H.
835 2507 947 2571 βοστιρα
970 2518 993 2554 a.
1039 2518 1088 2554 om.
1108 2504 1159 2554 Gb.
1192 2512 1195 2527 ¹

37 2573 105 2626 boves
122 2588 149 2627 er
169 2578 309 2644 temonem]
327 2578 402 2629 Haec
421 2579 457 2630 ila
474 2578 588 2629 intellexi
606 2581 635 2628 ut
653 2591 790 2643 ponerem,
809 2573 887 2626 boves
902 2575 984 2626 dictas
1001 2589 1058 2625 esse
1072 2589 1161 2626 earum

37 2649 177 2714 stellarum,
205 2663 272 2714 quae
297 2655 357 2700 sunt
382 2649 407 2700 in
432 2649 513 2701 cauda
532 2633 627 2712 Ursai,
652 2647 715 2700 duas
734 2646 840 2713 (Mizar
859 2653 886 2724 et
902 2644 1072 2698 Benetnascb
1092 2645 1160 2712 apud

36 2720 155 2787 Arabes),
180 2720 284 2772 tertiam
304 2719 430 2788 (Alictb)
450 2738 497 2788 pro
522 2728 658 2772 temone
683 2719 795 2770 habitam
812 2735 884 2783 ease,
911 2719 1022 2782 reliquas
1040 2724 1161 2782 quattuor

35 2806 119 2842 axem
138 2793 267 2843 effecisse.
379 2793 494 2859 enim]b.
519 2792 625 2842 enimet
643 2797 705 2844 cett.
719 2791 793 2843 codd.
900 2789 1022 2840 valentes
1037 2787 1161 2856 gisberti]

35 2867 165 2929 utrumque
184 2863 339 2916 vocabulum
357 2879 391 2915 ex
408 2868 486 2931 posita
503 2863 665 2931 desumptum
684 2878 741 2915 esse
756 2861 851 2930 putavi.
978 2858 1071 2924 omnis]
1084 2861 1114 2911 F.
1135 2865 1162 2910 et

36 2933 73 2986 ab.
91 2942 119 2988 ut
136 2936 188 2988 rid.
228 2953 316 2986 omnes
335 2942 396 2987 cett.
432 2935 464 2987 V.
482 2950 541 2986 aun·
559 2936 590 2986 ad
612 2936 644 2998 V,
662 2939 689 2986 5.
821 2931 891 2982 unde
909 2929 1020 2995 triones]
1038 2932 1160 2983 Varronis

35 3005 112 3058 locum
140 3006 286 3074 respiciunt
308 3006 416 3059 Servius
441 3007 468 3058 in
493 3005 629 3068 Aen.111,
654 3007 717 3056 516.
745 3009 772 3055 et
794 3003 888 3055 Festus
916 3005 1017 3068 p.260.
1042 2999 1159 3052 Lindem.

36 3085 62 3124 ut
80 3077 233 3129 dicerentur
251 3079 277 3127 E
295 3075 404 3144 detrito]
422 3077 580 3142 Augustinus
598 3077 625 3126 iu
642 3090 724 3140 marg.
743 3089 777 3125 ex
793 3074 868 3126 libro.
906 3081 937 3121 ut
957 3070 1021 3137 (om.
1032 3070 1072 3139 b.)
1091 3071 1161 3120 dice-

37 3158 121 3199 rentur
144 3149 176 3199 <lc
198 3147 269 3198 tritu
287 3148 377 3212 codd,
396 3164 454 3200 exc.
470 3150 504 3200 G.
518 3149 561 3214 qui
579 3163 612 3199 ea
625 3146 710 3198 omnia
724 3161 774 3196 om.
804 3143 863 3195 Hoc
876 3143 898 3194 si
912 3143 995 3194 Varro
1009 3143 1161 3210 scripsisset,

37 3222 202 3286 explicarem:
231 3217 305 3285 quasi
323 3220 470 3272 dicerentur
486 3237 502 3270 a
517 3219 639 3282 terend03
671 3217 717 3268 sed
735 3215 843 3268 offendit
860 3215 981 3266 omissum
1000 3212 1023 3263 si
1041 3222 1066 3266 et
1085 3231 1161 3282 praa-

36 3293 109 3344 verbii
128 3293 250 3343 densus.
288 3291 353 3342 Cum
371 3293 432 3355 illo,
457 3291 525 3357 quod
545 3291 634 3358 posui,
657 3287 690 3341 cs.
709 3289 742 3352 V,
761 3290 820 3339 136.
852 3295 949 3354 postea
966 3285 1060 3352 irpicca
1078 3288 1098 3335 S
1116 3285 1163 3334 de-

37 3362 96 3412 trito
120 3361 179 3428 (ubi
204 3377 341 3430 perperam
367 3361 466 3414 detrita
493 3361 587 3414 babent
604 3360 678 3425 Fit,
705 3375 765 3410 nam
783 3358 893 3411 Varroni
910 3359 1043 3409 literarum
1062 3358 1163 3408 nomina

37 3436 142 3487 neutrius
161 3439 223 3487 sunt
242 3432 372 3500 generis),
392 3441 419 3487 et
435 3434 494 3500 vll,
512 3439 556 3487 91.
585 3451 598 3484 e
617 3451 669 3504 quo
687 3433 707 3482 S
725 3430 862 3484 extritum.

141 3540 196 3606 75.
217 3549 296 3614 acti]
310 3550 404 3602 cuso.
441 3550 494 3602 cres
511 3569 555 3619 vg.
579 3552 619 3602 ne
637 3550 668 3602 u.
687 3549 785 3602 dubito.
821 3545 888 3599 nsua
907 3550 977 3597 recte
996 3543 1060 3607 arcs,
1079 3544 1161 3594 monr-

13 3623 14 3632 ’
37 3631 83 3678 tun
101 3633 141 3681 est
166 3628 193 3678 in
213 3629 299 3676 annot.
319 3623 352 3672 ad
368 3623 401 3686 V,
419 3627 463 3675 38.
613 3621 731 3694 trigona]
756 3620 843 3674 Etiam
860 3617 951 3671 borum
967 3616 1104 3682 vestigium
1123 3619 1163 3666 est

36 3700 97 3764 apud
113 3701 225 3752 Festum
244 3697 339 3763 paco.
357 3693 433 3746 Lind.

58 3819 62 3824 ’
141 3798 196 3864 76.
220 3812 319 3875 Δία’,
336 3809 418 3880 quod]
436 3810 548 3882 aliquod
564 3809 640 3864 codd.
657 3811 706 3862 uisi
720 3807 788 3875 quod
807 3803 912 3875 aliquot
925 3806 960 3858 G.
1005 3803 1073 3856 lllud
1088 3804 1162 3872 posui

38 3900 88 3936 cum
105 3887 225 3954 Popma,
251 3898 393 3950 quanquam
418 3899 468 3935 non
486 3884 550 3934 satis
574 3889 659 3935 certus
680 3881 713 3932 de
732 3896 764 3931 ea
781 3879 902 3931 lectione.
943 3875 1030 3944 Apud
1046 3875 1163 3925 Ennium

39 3955 102 4022 quod
118 3967 159 4008 est
179 3955 247 4007 coni.
266 3955 430 4024 Spengeliua.
466 3955 506 4006 cf.
525 3971 603 4022 supra
621 3953 666 4018 Vl,
684 3958 709 4004 e.
727 3955 771 4004 81.
891 3965 960 4018 quae
978 3947 1006 3996 in
1024 3964 1124 3998 summo
1133 3946 1162 4012 †]

38 4028 104 4079 codd.
130 4029 180 4080 nisi
200 4026 272 4092 quod
289 4043 338 4078 om.
358 4026 382 4076 b.
406 4031 436 4075 ut
453 4025 503 4076 vid.
546 4027 620 4078 Haec
638 4025 749 4076 nondum
768 4019 895 4090 probabili
913 4021 1012 4070 ratione
1030 4018 1163 4071 emendata

37 4105 97 4151 sunt.
126 4099 267 4152 Excidisse
284 4107 385 4150 versum
403 4097 530 4159 existimo,
548 4099 573 4148 in
591 4097 658 4148 llurrc
676 4095 779 4147 modum
793 4093 932 4159 scriptum:
950 4087 1038 4154 stella,
1051 4089 1166 4158 Lucifer

38 4187 113 4236 prce,
131 4173 161 4222 in
179 4188 280 4220 surrrmo
300 4169 396 4234 [noctis
414 4167 462 4233 (cl.
481 4186 610 4218 acerrimum
629 4166 680 4216 <liei
698 4167 744 4229 vl,
757 4164 797 4230 4.)
817 4181 876 4212 cnm
895 4170 1023 4229 apparet,
1041 4161 1164 4228 appella-

38 4249 92 4294 tur,
118 4259 178 4293 cum
194 4250 257 4310 post
277 4239 341 4289 solis
360 4257 494 4298 occasum,
522 4232 693 4308 Vesperugo}
740 4237 884 4288 Verborum
903 4233 1095 4301 dispositionem
1113 4247 1164 4284 non

38 4314 180 4378 mirabitur,
210 4315 254 4378 qul
279 4313 419 4364 Varronem
445 4311 552 4364 noverit.
604 4311 713 4364 Omnino
738 4323 795 4361 cum
821 4307 844 4358 lr.
868 4307 883 4358 l.
911 4304 1102 4360 contendendus
1125 4309 1165 4354 est
