2866 4812
258 187 342 264 252
672 215 795 260 arnan
833 215 978 258 nonus.

260 373 441 473 analogia3
480 379 584 466 item,
610 375 700 446 sieut
725 371 819 466 illis,
852 384 957 470 caput
981 398 1083 444 suum
1109 369 1271 466 habehit,
1296 385 1325 446 et
1344 379 1368 446 iu

260 474 411 572 obliquis
435 475 576 548 casibus
603 476 759 570 transitio
779 476 844 547 erit
867 477 904 546 iu
926 474 1029 546 aliam
1052 473 1175 570 quam*
1197 473 1367 567 formulam,

200 603 327 674 sesqua
350 571 546 675 assumpta,
574 577 707 674 reliqua
728 576 866 650 facilius
887 578 1019 676 possint
1042 574 1154 647 videri
1178 575 1280 648 uerba
1299 578 1369 650 unde

197 667 327 750 “sint
360 678 559 772 declinata3
608 678 649 749 lit
682 677 796 769 enim,
839 689 880 750 ut
916 688 1031 750 rectus
1066 704 1311 774 nonnunquam
1338 682 1369 750 sit
1401 707 1402 716 ¹

257 779 463 879 ambiguuS,
498 791 537 853 ut
560 777 690 856 in'hoc
715 778 822 852 verbo
848 779 971 872 volo,
1009 777 1103 875 quod
1130 779 1168 850 id
1195 779 1262 850 duo
1285 783 1367 878 signi-

256 882 360 974 licat,
388 908 497 951 unum
523 880 765 972 avolantem,
792 881 939 954 alterum
966 881 1173 953 avolando.
1227 881 1369 980 ltaquea
1401 877 1402 896 ³

255 984 337 1056 volo
360 982 593 1081 intellegimus
618 981 653 1055 'et
674 983 792 1055 volare
815 993 850 1054 et
874 983 974 1056 velle.

194 1124 250 1200 60
360 1115 454 1191 lod.
489 1117 644 1211 Quidam
667 1119 949 1218 reprehendunt,
985 1121 1078 1218 quod
1105 1118 1227 1217 pluit
1250 1130 1282 1191 et
1303 1117 1368 1189 luit

257 1222 414 1294 dicamus
438 1223 475 1291 in
500 1223 685 1318 praeterito
711 1233 746 1295 et
767 1225 939 1320 praesenti
965 1233 1144 1320 tempore,
1175 1242 1253 1292 cum
1276 1220 1367 1290 analo-

254 1324 332 1421 giae
354 1325 408 1394 sui
428 1325 625 1420 quoiusque
649 1327 815 1422 temporis
837 1323 942 1396 verba
970 1323 1119 1396 debeant
1143 1323 1364 1394 discriminare.

253 1425 441 1496 Falluntur
453 1452 464 1518 3
502 1451 583 1496 narn
606 1435 661 1497 ost
684 1451 725 1496 ac
750 1436 877 1525 putant
902 1425 1022 1517 aliter,
1059 1425 1155 1522 quod
1181 1426 1217 1495 iu
1243 1433 1366 1521 praeter·

253 1527 311 1598 itis
343 1525 381 1598 U
411 1525 558 1599 dicimus
592 1527 758 1626 longum,
800 1527 946 1624 plait,
989 1527 1107 1620 lflit3
1152 1529 1188 1598 in
1221 1524 1365 1623 praesenti

253 1625 361 1698 breve
394 1627 532 1725 pldit,
569 1627 675 1721 lriit3
712 1627 859 1726 ideoque
884 1631 921 1700 in
947 1628 1170 1703 Venditionis
1193 1628 1266 1726 lege
1288 1622 1365 1696 fundi

254 1738 360 1799 ruta
393 1752 526 1800 caesa
560 1729 609 1799 ita
643 1729 812 1821 dicimus,
851 1741 891 1802 ut
914 1731 951 1804 U
975 1722 1224 1828 producamus.

198 1865 249 1943 61
374 1858 470 1936 105.
489 1875 492 1882 “
509 1862 609 1942 ,Item
641 1863 901 1963 reprehendunt
933 1866 1099 1962 qnidam,
1141 1865 1234 1962 qnod
1265 1869 1364 1960 putant

180 1964 349 2056 (roaldem
374 1990 452 2036 esse
479 1965 705 2039 sacrifico
738 1977 774 2038 et
805 1966 1074 2060 sacrificor,
1114 1979 1150 2040 et
1180 1967 1313 2053 lavat,
1340 1971 1364 2030 et

257 2068 459 2158 lavatur,
488 2065 584 2162 quod
608 2070 653 2139 sit
677 2094 722 2138 an
741 2095 833 2162 non,
861 2068 950 2139 nihil
975 2080 1171 2142 commovet
1193 2067 1360 2162 analogian,

199 2168 342 2264 easdam
376 2167 537 2240 sacrifico
565 2171 626 2267 qui
660 2169 772 2260 dicat,
810 2182 925 2243 servet
956 2171 1164 2243 sacrificabo
1193 2181 1226 2242 et
1250 2170 1296 2238 sic
1318 2189 1363 2260 per

259 2280 367 2342 totam
398 2268 567 2361 formam,
608 2297 676 2345 neu
706 2271 799 2344 dicat
834 2272 1050 2344 sacrificatur
1083 2286 1145 2346 aut
1176 2269 1361 2345 sacrificatus

258 2397 361 2464 sum3
396 2369 484 2444 haee
509 2373 600 2443 enim
626 2375 717 2445 iuter
741 2400 778 2444 se
803 2401 874 2448 uon
900 2376 1154 2479 conveniunt.x
1197 2427 1201 2434 .
1289 2362 1360 2440 106·

257 2471 369 2571 Apud
393 2472 558 2546 Plautum
585 2500 665 2548 oum
695 2474 802 2546 dicit:

259 2678 336 2728 codd.
373 2676 427 2726 Cur
444 2676 606 2729 nihilominus
624 2679 745 2746 analogia
761 2686 887 2746 servetur,
905 2683 983 2734 etiam
997 2681 1041 2732 ubi
1054 2687 1134 2748 caput
1147 2696 1181 2733 ex
1194 2679 1273 2731 alieno
1285 2681 1360 2738 genera

258 2749 307 2810 sit,
332 2746 420 2798 docuit
437 2747 521 2801 Varro
539 2747 595 2814 lx,
611 2753 655 2800 79,
770 2751 853 2801 oliam
871 2753 976 2821 quum]
991 2747 1062 2804 coni.
1107 2751 1227 2822 aliquam
1243 2744 1309 2798 codd.
1337 2738 1361 2789 ll·

258 2833 315 2870 ann.
330 2818 364 2869 ad
378 2819 411 2878 V,
426 2822 488 2869 170.
596 2818 712 2888 possint]
726 2820 805 2875 GHa.
836 2832 952 2891 possunt
965 2824 997 2876 F.
1105 2813 1363 2889 recommandatam

258 2889 369 2956 quadam
393 2890 487 2941 dicitur
500 2889 587 2958 prima
611 2906 723 2959 persona
746 2895 890 2962 praesentis
906 2896 1038 2966 temporis.
1083 2896 1130 2949 Sic
1148 2896 1279 2960 non'opus
1294 2889 1328 2938 est
1340 2883 1362 2930 ul

258 2961 386 3015 excidisse
403 2959 500 3027 aliquid
517 2977 611 3016 sumas.

375 3061 446 3129 104.
473 3077 562 3146 pluit,
580 3076 644 3146 luit]
661 3094 685 3132 a.
711 3079 824 3133 sirecte
841 3087 958 3144 notatum
976 3088 1031 3148 est,
1057 3082 1124 3135 sicut
1142 3081 1245 3149 Lipsius
1261 3071 1361 3127 noluerat

259 3147 313 3198 luit
332 3163 382 3201 om.
402 3149 478 3201 codd.
510 3147 585 3217 pluit
603 3165 654 3202 om.
672 3149 734 3202 GH.
780 3151 850 3217 luit,
864 3149 939 3222 pluit
956 3171 999 3220 vg.
1041 3154 1136 3206 Addidi
1154 3145 1361 3218 siguaproducta-

257 3235 315 3272 rum
334 3221 505 3290 syllabarum,
523 3227 551 3272 et
569 3228 659 3290 postea
676 3229 867 3291 correptorum,
885 3241 951 3290 quae
969 3241 1021 3276 non
1038 3232 1098 3277 suut
1116 3227 1142 3276 in
1160 3223 1234 3276 codd.
1266 3215 1313 3268 Sed
1327 3221 1360 3293 ⁰ll

257 3291 342 3344 Varro
359 3292 485 3344 voeabula
503 3291 574 3358 ipsa,
593 3309 659 3358 quae
676 3294 758 3347 altero
776 3297 835 3348 loeo
852 3295 878 3346 iu
896 3297 1015 3348 omnibus
1032 3297 1108 3350 codd.
1127 3300 1201 3360 sunt,
1218 3289 1311 3359 repetii,
1325 3293 1361 3360 ¹¹¹⁵}

257 3365 279 3413 si
304 3379 337 3414 eo
360 3361 399 3416 his
423 3363 503 3430 signis
527 3362 768 3419 discriminaverat?
810 3367 886 3435 Apud
908 3369 1077 3436 Pompeium,
1100 3368 1199 3420 Corum.
1217 3365 1269 3416 Art.
1286 3355 1360 3410 Dvssll

257 3451 283 3500 p.
294 3437 355 3486 423.
370 3435 502 3501 Lindem,
520 3433 609 3487 horum
626 3437 758 3502 signorum
776 3438 937 3504 ignoratione
956 3455 989 3492 ex
1003 3442 1091 3490 Roma
1108 3440 1204 3491 lactum
1218 3439 1255 3486 est
1269 3429 1359 3500 Roumo

256 3505 395 3559 Caeterum
409 3508 493 3560 Varro
511 3513 614 3574 praeter
632 3509 683 3559 alia
701 3511 779 3561 etiam
796 3510 847 3561 tui
872 3511 967 3563 addere
985 3517 1088 3579 poterat
1114 3510 1237 3577 (Sisenna
1253 3504 1275 3554 in
1291 3496 1359 3551 Paua

255 3575 403 3630 Rudeutcm
422 3595 464 3646 ap.
482 3579 605 3632 Rufinum
642 3580 771 3648 aaa),
798 3582 870 3633 cuius
895 3583 954 3634 loco
979 3582 1048 3650 apud
1072 3585 1193 3636 Plautum
1217 3589 1280 3630 nunc
1298 3575 1358 3648 well

213 3637 216 3652 '
255 3649 377 3701 scribitur
394 3650 455 3702 fuvi.
499 3649 559 3701 Non
578 3597 662 3715 recle,
687 3667 745 3703 nam
766 3652 875 3706 Plautus
894 3669 944 3706 nou
963 3639 1357 3724 nisiautjovi(cf.Macrob111³

255 3719 312 3771 Sat.
326 3725 358 3786 l,
377 3720 418 3786 4.)
443 3726 488 3772 aut
506 3720 560 3788 foti
582 3724 752 3790 pronunciare
776 3731 895 3791 poterat3
922 3734 1000 3792 atque
1023 3724 1072 3778 hoe
1096 3728 1194 3794 ipsum,
1222 3714 1286 3785 quod
1299 3725 1321 3762 1ss
1334 3717 1357 3756 ⁶⁰

256 3791 336 3842 verbo
354 3808 372 3843 u
390 3792 588 3860 producebatur,
607 3794 786 3863 explicandum
805 3802 846 3849 est
863 3798 1038 3850 contractione
1056 3797 1163 3865 duplicis
1180 3793 1265 3844 literae
1280 3799 1309 3846 u,
1322 3791 1355 3826 '⁰'

256 3863 318 3912 calis
343 3864 449 3916 alterius
473 3869 501 3915 et
518 3865 623 3918 alterius
649 3867 820 3921 consonantis.
941 3877 1007 3920 roro
1025 3869 1114 3936 caeso]
1137 3865 1207 3920 Noto
1224 3861 1281 3914 haee
1296 3847 1355 3904 verbo

256 3945 289 3982 ex
307 3933 449 4000 Cicerone,
471 3934 565 4002 Festo,
592 3937 711 4006 Ulpiano.
787 3976 790 3991 1

367 4037 440 4103 105.
465 4051 589 4120 sacrifico
607 4063 635 4102 et
652 4052 805 4121 sacrificor,
823 4063 851 4105 et
868 4051 957 4121 lavat]
975 4071 1017 4124 vg.
1063 4051 1195 4120 sacrificio
1212 4055 1237 4098 et
1254 4030 1352 4111 sacrific?

255 4118 361 4172 relavat
380 4124 455 4177 codd.
490 4124 530 4176 De
548 4123 686 4192 sacrificor
703 4127 736 4179 cl.
751 4142 808 4180 auu.
824 4127 857 4178 ad
873 4127 974 4192 Vl,18.
1089 4120 1220 4192 sacrifico]
1236 4103 1353 4177 emendottl

256 4193 422 4258 Augustinus·
458 4194 575 4260 sacrifici
593 4196 666 4248 uus.
702 4196 829 4264 sacrificii
846 4197 882 4251 Η.
960 4199 1075 4266 osdag,
1101 4215 1132 4252 Μ
1145 4191 1215 4250 codd,
1285 4185 1350 4230 sorn-

253 4263 367 4332 fiv‘atur]
385 4266 519 4332 proposuit
537 4267 700 4333 Spengelius.
742 4268 950 4337 sacrificaturus
968 4271 1043 4324 codd.
