2866 4812
449 237 486 338 S·
516 242 567 324 76
592 279 643 294 -
668 251 731 322 80·
1072 233 1158 316 225

30 426 204 504 eulaliam
225 447 333 532 qulam
354 434 508 524 partam,
527 421 753 501 nihilomiuus
774 424 812 496 iu
832 421 975 522 reliquis
995 422 1159 500 membru

29 555 140 604 corum
164 553 241 604 esse
263 536 412 626 possunt
433 526 633 628 andogiacc
669 527 723 601 sio
746 528 785 600 in
808 525 989 600 vocabulis
1014 551 1159 602 casuum

29 641 168 730 possunt
192 633 277 704 item
299 627 397 722 fieri,
425 653 467 702 ac
491 633 614 728 reponi
635 627 733 728 quod
754 627 887 722 aberit,
924 626 986 701 ubi
1010 631 1161 728 patietur

29 745 144 806 natura
176 744 212 806 et
242 729 479 824 consuetudo,
516 730 612 830 quod
644 753 893 829 nonnunquam
920 729 1015 830 apud
1038 739 1159 829 pottas

28 837 216 909 invenimus
236 832 382 927 fantum,
403 833 500 908 utin
518 832 587 908 lroo
607 832 702 933 opud
716 831 890 906 Naevium
907 834 945 908 in
963 830 1156 908 Clastidio:

66 999 68 1006 ·
129 967 229 1050 ‚Vita
255 967 442 1060 insepulto
468 967 588 1037 laetus
614 967 653 1036 ira
671 965 843 1061 patriam
865 961 995 1036 redux.

28 1089 93 1178 79.
127 1093 219 1166 Item
251 1089 530 1190 reprehendunt,
569 1091 665 1193 quod
699 1090 834 1164 dicatur
865 1089 954 1164 haec
980 1097 1219 1184 struem?

26 1194 78 1266 hio
103 1194 357 1289 Hercules,
393 1192 453 1266 lric
485 1194 642 1291 homo,
683 1191 859 1266 debuisset
883 1195 976 1266 enim
1001 1191 1092 1286 dici,
1129 1197 1158 1266 si

26 1307 111 1370 esset
142 1297 324 1397 analogia,
360 1295 420 1368 lrio
445 1295 605 1389 Hercul,
641 1293 729 1368 haec
765 1305 882 1388 strue,
919 1293 980 1366 lrio
1012 1291 1155 1369 homon.

27 1397 120 1471 llaec
152 1397 339 1473 ostendunt
368 1424 440 1471 non
470 1396 655 1497 analogian
678 1422 751 1470 uon
776 1421 873 1488 csse,
911 1394 973 1469 sed
998 1393 1159 1495 obliquos

27 1524 124 1572 casus
157 1527 229 1575 non
259 1497 389 1573 habere
415 1508 520 1598 eaput
550 1525 595 1590 cu
623 1525 688 1573 sua
721 1497 904 1596 analogia,
942 1522 1023 1569 nam
1055 1509 1096 1570 ut
1129 1499 1161 1572 si

25 1603 56 1671 in
80 1598 278 1675 Alexandri
304 1612 418 1674 statua
441 1601 649 1701 imposueris
675 1610 780 1698 caput
802 1599 975 1697 Philippi,
1002 1598 1158 1673 membra

25 1706 228 1777 conveniant
249 1702 295 1775 ad
316 1705 505 1795 rationem,
531 1703 567 1796 si
588 1711 622 1776 et
643 1699 688 1774 ad
708 1700 905 1774 Alexandri
924 1699 1159 1774 membrorum
1171 1735 1218 1779 us

24 1804 242 1878 simulacrum
265 1816 371 1904 caput
390 1803 486 1903 quod
504 1803 724 1903 respondeat,
754 1802 840 1877 non*
861 1803 944 1877 item
965 1803 1023 1876 sit.
1059 1787 1222 1898 Nous*¹

25 1908 49 1978 si
72 1908 153 2006 quis
185 1908 339 1980 trmioam
373 1906 411 1978 in
439 1932 506 1979 usu
531 1907 582 1978 ita
609 1907 769 1998 consuit,
797 1912 846 1975 ‘nt
878 1903 986 1978 altera
1017 1903 1160 2006 plagula

26 2008 63 2079 sit
92 2010 248 2107 angustis
282 2007 414 2102 clavis,
450 2008 558 2082 ultera
589 2007 694 2102 latis,
729 2017 878 2105 utraque
909 2031 992 2105 pars
1026 2008 1064 2079 iu
1094 2031 1158 2084 suo

26 2135 143 2205 genere
166 2122 261 2183 caret
284 2109 458 2210 analogia.
594 2105 664 2183 80.
701 2108 792 2184 Item
816 2120 946 2208 negant
970 2133 1048 2182 esse
1073 2095 1222 2194 aua-48

26 2209 147 2310 logias,
176 2211 272 2311 quod
301 2211 361 2284 alii
386 2212 509 2285 dicunt
534 2235 803 2310 cupressus,
840 2208 900 2283 alii
924 2213 1155 2310 cupressi,

27 2312 98 2384 item
124 2314 167 2386 de
192 2313 292 2408 ficis,
327 2312 497 2411 platanis,
525 2321 560 2385 et
584 2311 760 2410 plerisque
784 2308 987 2406 arboribus,
1014 2311 1059 2384 de
1080 2315 1158 2412 qui-
1278 2329 1280 2332 ’

27 2409 83 2486 bus
106 2415 166 2488 alii
186 2424 378 2494 exuemum
396 2414 482 2508 US,
508 2412 567 2486 alii
590 2413 646 2486 EI
666 2413 812 2485 faciunt.
866 2410 911 2484 ld
932 2424 986 2486 est
1005 2412 1156 2509 falsum5

28 2538 98 2588 nam
123 2515 252 2592 debent
281 2517 352 2590 dici
384 2514 419 2590 E
452 2527 487 2590 et
517 2514 559 2587 1:
601 2513 688 2588 fici
719 2525 759 2588 ut
790 2514 944 2608 nummi,
982 2513 1078 2615 quod
1103 2526 1158 2588 est

28 2618 72 2688 ut*
95 2625 317 2695 nummorum
342 2617 552 2694 ficorum:
580 2617 612 2691 si
631 2616 750 2692 essent
769 2614 887 2717 plures
912 2615 1017 2712 licus,
1042 2631 1214 2708 esserto}

127 2843 183 2912 78.
208 2867 260 2911 aut
286 2856 370 2910 aliam
396 2857 489 2930 quom]
513 2855 614 2926 scripsi.
663 2861 693 2904 et
709 2861 761 2904 out
779 2851 901 2925 aliquam
917 2856 948 2912 F.
989 2864 1018 2908 et
1041 2864 1074 2908 ut
1098 2853 1158 2908 ulia

30 2923 138 2996 aliquam
154 2929 191 2984 H.
235 2939 264 2980 et
281 2938 333 2981 out
353 2927 438 2980 otiam
456 2927 577 2998 aliquam
595 2929 646 2980 Ga.
690 2925 732 2978 De
756 2923 829 2976 alius
852 2928 914 2998 quis
937 2926 971 2980 cl.
994 2943 1053 2981 anu.
1070 2927 1104 2980 ud
1122 2929 1156 2992 V,

31 2999 82 3050 1111.
151 3000 339 3066 Anecoluthiu‚
363 3015 431 3068 quse
447 3005 489 3051 est
505 3000 531 3050 iu
548 2997 690 3068 praemisso
707 3012 770 3048 casu
787 2999 933 3051 nominandi
950 2997 1030 3070 signo
1048 3004 1075 3050 et
1091 2998 1156 3050 sub-

29 3074 367 3198 ttttttttwttt
375 3066 824 3196 attttttt⁰sttttt.⁶¹t'³⁰ttj
840 3075 968 3194 illido
1013 3067 1156 3194 ⁰53⁸“ltt

29 3210 142 3279 telligitnr
159 3232 195 3270 cx
212 3160 272 3268 nil.
290 3214 415 3269 Varronis
432 3220 549 3281 tempore
572 3177 857 3264 commotionum
881 3178 934 3267 no’n
950 3158 1030 3267 frisle
1047 3179 1075 3266 id
1091 3229 1157 3268 usna

30 3291 79 3336 tam
94 3301 159 3352 quse
177 3287 298 3354 Sesliger
315 3285 531 3351 comminiscitur,
553 3285 630 3354 plano
646 3281 807 3335 incredibilis
822 3289 891 3338 suut.

127 3413 182 3478 79.
213 3415 420 3496 repichendunt]
439 3423 580 3491 v111‚94.
626 3441 631 3451 ’
694 3421 840 3496 Hercules]
852 3442 877 3478 a.
902 3424 925 3477 sl
941 3430 1061 3477 accurate
1078 3430 1154 3478 nota-

30 3494 75 3544 tum
89 3503 142 3563 est,
158 3503 188 3551 ut
202 3514 245 3564 vg.
281 3496 409 3550 Herculis
425 3503 489 3550 cett.
507 3496 583 3549 codd.
673 3491 817 3563 debuisset]
836 3496 913 3549 Gfls.
950 3493 1103 3548 debuissent
1122 3496 1153 3550 F.

31 3567 163 3622 ostendunt
181 3567 244 3636 non]
262 3585 306 3638 vg.
341 3567 488 3621 ostendunt
505 3584 576 3620 nova
594 3563 705 3633 (novom
722 3565 761 3634 a.)
780 3585 833 3618 uon
851 3566 927 3620 codd.
1079 3567 1154 3632 nam]

32 3644 68 3698 vg·
101 3656 152 3694 non
170 3640 245 3695 codd.
357 3638 383 3692 si
398 3648 427 3690 ct
444 3639 492 3705 ad]
510 3638 609 3706 scripsi.
645 3637 685 3688 sic
701 3646 728 3689 et
745 3637 784 3688 ad
800 3637 831 3690 F.
867 3637 907 3689 sic
924 3645 952 3688 st
970 3635 1032 3690 GH.
1068 3637 1106 3688 sit
1123 3647 1153 3688 et

30 3703 63 3752 ad
77 3721 98 3760 a.
245 3709 321 3779 non']
339 3711 407 3764 coni.
423 3710 518 3764 addidi.
554 3709 663 3762 Etiamsi
684 3709 712 3762 in
729 3709 833 3776 singula
850 3715 925 3778 parte
942 3707 993 3762 ulis
1009 3709 1045 3760 sit
1061 3707 1153 3774 formu,

32 3780 163 3835 ceterarum
180 3783 326 3850 analogium
343 3797 377 3836 eo
394 3797 447 3836 non
470 3782 541 3839 totu.
568 3780 701 3834 contendit
723 3781 843 3850 scriptor.
994 3779 1067 3847 Non]
1085 3781 1153 3836 coni.
1205 3785 1206 3788 ’

33 3841 93 3899 Nam
108 3853 184 3909 codd.
201 3861 228 3908 et
245 3870 289 3923 vg.

132 3961 185 4028 80.
207 3975 336 4046 cupressi]
354 3973 431 4029 codd.
449 3990 515 4043 quos
531 3975 559 4028 io
576 3991 609 4029 eu
625 3990 673 4042 re,
688 3979 719 4028 ut
735 3973 789 4028 diri
806 3973 832 4026 in
849 3973 1030 4039 Pmotutione,
1047 3977 1155 4028 secutus
1204 3991 1207 4000 ¹

32 4051 93 4108 111111,
116 4063 259 4116 quenquam
283 4045 325 4100 hic
346 4048 403 4116 ipse
419 4047 492 4106 locus
510 4047 556 4114 qui
572 4048 690 4114 sequitur
713 4046 781 4099 iuter
798 4061 844 4098 eos
861 4051 915 4112 est,
940 4046 985 4113 qui
1002 4061 1019 4096 ιι
1036 4043 1154 4100 Vorroue

32 4112 142 4202 ⁸0¹1pr
158 4136 217 4174 esse
236 4118 382 4188 cupressu,
400 4115 481 4186 ficei,
498 4119 644 4173 ostendunt.
774 4118 828 4182 Et]
846 4117 923 4170 codd.
958 4117 1154 4182 IVertrauius,

32 4178 165 4254 Scioppius.
279 4187 336 4256 ια’]
361 4190 427 4244 Post
443 4187 469 4242 h.
483 4206 508 4243 v.
527 4190 612 4244 ddert
635 4187 715 4242 verbu
738 4186 840 4240 nummi
860 4187 929 4256 fici,
955 4203 1025 4255 quaa
1046 4195 1106 4241 tunt
1127 4189 1153 4240 iu

33 4257 139 4338 ⁰¹l¹¹²lb¹¹⁸
155 4260 229 4314 codd.
249 4258 312 4327 (nisi
329 4261 400 4328 quod
419 4261 505 4314 omniu
522 4259 602 4315 haec:
630 4259 703 4332 quod
719 4268 761 4312 est
780 4299 789 4317 .
805 4297 814 4313 .
830 4297 839 4312 .
857 4259 911 4328 fici
927 4275 979 4316 om.
996 4257 1060 4328 tt),
1084 4259 1153 4327 quod

34 4321 84 4376 nrhr
98 4345 273 4397 penuriosam
289 4331 471 4399 sortiturum
485 4350 652 4388 nuaunorum
662 4330 780 4402 ficorum
798 4331 962 4395 scribendum
974 4337 1052 4397 essct,
1068 4330 1153 4386 denuo

445 4419 451 4456 ι
