2864 4814
272 233 328 308 11
481 225 485 235 ’
643 253 999 312 urnsnournrus.

274 421 310 492 id
335 443 439 518 pecus
473 419 621 514 primum
646 415 802 490 occidere
834 422 1018 513 coeperunt
1048 410 1175 484 domini
1200 424 1233 486 et
1255 416 1296 486 ut
1320 439 1383 486 ser·

213 533 392 594 minarent
423 519 557 592 saliere.
623 519 775 616 Tegus
812 520 885 588 suis
920 515 964 588 ab
992 539 1033 585 eo
1065 514 1158 611 qnod
1183 541 1223 586 eo
1248 517 1380 613 tegitur.

216 612 260 624 ’“
273 624 420 694 Perna
441 647 460 690 a
481 621 568 717 pede
591 621 711 692 sueris.
753 619 811 690 Ex
831 616 1010 690 abdomine
1028 617 1101 686 eius
1122 615 1275 707 offula,
1300 615 1384 687 dicta

275 723 318 794 ab
344 723 411 796 otia
435 723 574 792 minima
600 746 619 792 e
644 745 753 792 suere.
807 721 986 793 Insi'cia
1008 714 1051 787 ab
1078 742 1117 787 eo
1143 717 1236 812 quod
1262 719 1383 788 insecta

274 849 374 915 earo,
402 833 441 894 ut
465 825 502 892 in
527 823 675 894 carmine
694 821 866 894 Saliorum
888 831 958 911 est,
986 817 1078 914 quod
1100 820 1137 888 in
1157 819 1243 888 extis
1266 817 1384 890 dicitur

273 951 367 1009 nnnc
392 935 598 1020 prosectum.
651 921 888 995 Murtatum
913 946 934 991 a
957 931 1090 1009 morta,
1118 918 1211 1014 qnod
1231 943 1271 989 ea
1296 918 1384 1016 large

274 1026 413 1097 fartum.
566 1019 654 1094 111.
693 1023 799 1112 Quod
820 1022 944 1093 tarum
969 1023 1166 1091 intestinum
1188 1044 1208 1090 e
1233 1045 1383 1090 crassun·

213 1149 263 1216 132
274 1127 357 1216 diis,
393 1125 620 1196 Lucanam
645 1123 785 1216 dicunt,
820 1123 914 1221 quod
938 1121 1061 1192 milites
1087 1146 1107 1190 a
1130 1121 1282 1192 Lucanis
1305 1119 1384 1190 didi·

276 1237 417 1318 cerunt,
452 1239 507 1316 nt,
545 1224 639 1323 quod
664 1226 830 1317 Faleriis,
865 1222 1039 1295 Faliscum
1061 1231 1226 1292 ventrem.
1280 1221 1384 1292 Fun·

275 1328 422 1400 dolum
443 1353 464 1398 a
488 1328 616 1418 fimdo‚
649 1327 743 1422 quod
765 1353 836 1400 non
858 1336 897 1396 ut
920 1323 1071 1418 reliquae
1094 1332 1227 1418 partes,
1264 1322 1326 1393 sed
1350 1349 1385 1392 ex

274 1455 343 1499 una
367 1439 462 1525 parte
484 1429 558 1499 sola
582 1439 756 1524 apertum3
796 1427 840 1499 ab
869 1426 935 1497 boc
961 1422 1114 1495 Graecos
1136 1433 1219 1518 puto
1244 1421 1387 1524 τυφλόν

276 1531 420 1631 ἔντερον
446 1528 648 1627 appellasse.
706 1525 767 1601 Ab
795 1527 913 1600 eadem
938 1525 1067 1596 sartura
1091 1524 1332 1594 farcimina
1356 1527 1386 1594 in

278 1631 364 1700 extis
389 1629 571 1727 appellata.
635 1630 679 1700 In
704 1656 773 1726 quo
803 1628 896 1727 quod
930 1628 1165 1698 tenuissimum
1196 1627 1386 1698 intestinum

207 1730 426 1822 (wilarium,
458 1727 551 1801 hila
573 1729 616 1802 ab
642 1730 714 1802 lrilo
738 1729 847 1823 dicta,
875 1726 968 1826 quod
992 1729 1040 1798 ait
1063 1726 1223 1798 Ennius:

396 1863 521 1954 Neque
537 1884 540 1890 ’
555 1862 724 1954 dispendi
750 1862 853 1951 facit
883 1861 1005 1929 titan.

276 1985 381 2078 Quod
413 1988 449 2055 in
481 1984 548 2058 hoc
586 1986 762 2058 sarcimine
795 2013 928 2059 summo
965 1984 1128 2083 quiddam
1163 1987 1311 2075 eminet,
1349 1984 1386 2054 ab

220 2114 317 2183 Qec
350 2086 443 2185 quod
477 2100 515 2158 ut
546 2089 582 2158 in
616 2090 725 2184 capite
758 2114 844 2186 apex
883 2087 1087 2186 apexaho
1125 2086 1228 2159 dicta.
1304 2087 1386 2156 Ter-

276 2191 362 2258 tium
392 2188 518 2259 fartum
552 2199 605 2259 est
636 2188 851 2286 longavo,
891 2187 984 2286 quod
1016 2189 1153 2284 longius
1189 2211 1293 2284 quam
1326 2186 1387 2258 duo

275 2287 359 2360 hila.
513 2286 603 2360 112.
644 2285 988 2388 Augnmentum,
1024 2287 1118 2384 quod
1147 2315 1189 2358 ex
1220 2289 1387 2359 immolata

276 2389 386 2462 hostia
412 2389 585 2463 desectum
609 2393 645 2462 in
670 2392 782 2463 iecore
807 2394 844 2462 in
856 2381 1083 2490 'porrieicndo
1108 2388 1255 2488 augendi
1274 2414 1385 2460 causa.

390 2577 461 2642 110.
485 2591 621 2659 salinae.
640 2600 665 2645 et
683 2593 823 2645 Diomedes
844 2593 865 2643 l.
884 2611 909 2660 p.
921 2597 981 2644 371.
999 2591 1103 2644 Pulsolr.
1139 2590 1219 2642 salire
1237 2597 1299 2644 cett.
1319 2592 1389 2644 codd.

276 2661 361 2714 solere
379 2679 421 2727 vg.
467 2663 520 2712 Sed
544 2679 685 2729 quanquam
713 2665 830 2714 vocabuli
852 2664 925 2714 radix
949 2665 1035 2714 literas
1059 2669 1156 2714 tantum
1180 2664 1292 2715 continet
1319 2664 1389 2724 SAL,

278 2748 399 2799 praesens
416 2739 500 2782 tamen
518 2736 645 2798 geminato
663 2735 686 2785 L
705 2735 878 2801 amplificatur.
919 2733 955 2784 Et
979 2733 1073 2782 saliere
1091 2733 1225 2798 legendum
1244 2749 1301 2784 esse
1319 2735 1388 2785 intel-

277 2801 342 2853 lexit
360 2803 435 2853 etiam
453 2805 574 2870 Spengel.
594 2817 618 2872 p.
628 2803 711 2857 XVII.
826 2803 981 2873 Tegusffla.
999 2803 1113 2854 Turnebi
1131 2805 1186 2855 cod.
1223 2813 1316 2873 tergus
1333 2810 1388 2856 cett.

276 2871 344 2924 Illud
363 2874 413 2924 iam
431 2889 446 2923 a
463 2873 584 2926 Turnebo
603 2877 744 2942 praelatum
762 2880 801 2925 est
816 2881 922 2941 propter
938 2873 1071 2944 rigoribus
1089 2875 1155 2940 apud
1173 2875 1291 2928 Plautum
1320 2877 1388 2942 Capt.

277 2944 322 3008 lv,
341 2947 371 3008 3,
388 2947 413 2994 2.
439 2944 472 2995 es.
489 2945 534 3008 IV,
553 2947 585 3008 4,
602 2952 628 2998 7.
775 2945 870 3010 suerin]
892 2945 964 2998 codd.
1000 2945 1056 2994 suis
1074 2961 1116 3010 vg.
1131 2967 1133 2974 ·
1151 2947 1249 3011 Varro,
1273 2953 1303 2996 ut
1320 2949 1389 3008 solet,

277 3017 435 3080 antiquitatis
453 3015 597 3082 studiosus3
620 3031 762 3082 quanquam
780 3016 827 3066 sibi
847 3032 934 3084 parum
949 3021 1067 3067 constans
1084 3016 1110 3066 in
1128 3032 1159 3067 ea
1176 3031 1219 3080 re,
1243 3032 1302 3068 nam
1319 3025 1388 3068 antea

277 3085 465 3150 snisdixerat.
510 3085 559 3138 Est
584 3095 668 3140 antem
692 3088 718 3138 in
743 3085 828 3138 sceris
852 3087 913 3138 illud
927 3088 957 3138 R
974 3088 1106 3138 Romanae
1130 3089 1245 3152 linguae,
1273 3089 1342 3153 qnod
1360 3103 1389 3138 er

277 3157 415 3220 antiquiori
433 3159 452 3207 S
471 3156 737 3223 Indogermanicarum
754 3159 912 3224 linguarum,
936 3163 1027 3222 quarto
1046 3159 1124 3208 ferme
1143 3165 1201 3224 post
1218 3159 1314 3210 Urbem
1333 3175 1388 3210 con-

278 3227 356 3277 ditam
374 3228 476 3290 seculo,
496 3228 623 3282 detortum
642 3237 688 3282 est.
835 3230 878 3278 Ex
897 3227 1042 3294 abdomine]
1061 3230 1125 3280 coni.
1162 3245 1180 3277 a
1198 3229 1300 3279 nomine
1319 3229 1388 3280 codd.

279 3295 364 3363 dicta]
375 3297 405 3347 F.
437 3310 487 3346 om.
504 3304 563 3349 cett.
685 3298 790 3350 minima
808 3316 821 3348 e
839 3299 924 3366 suere]
941 3300 1040 3367 scripsi.
1076 3298 1197 3349 minimae
1215 3317 1308 3348 suarna
1326 3301 1389 3352 Tur-

279 3369 338 3419 nebi
357 3367 414 3418 cod.
459 3383 539 3420 eom.
559 3374 619 3420 cett.
660 3369 766 3420 minima
784 3370 812 3418 in
829 3387 903 3420 suere
920 3387 963 3435 vg.
1129 3369 1229 3435 mima]
1247 3371 1323 3423 codd.
1347 3371 1389 3422 nisi

278 3437 346 3504 quod
363 3445 466 3488 inuncta
485 3441 518 3490 G.
554 3448 663 3489 murina
681 3441 715 3492 H.
752 3448 839 3508 myrto
857 3456 899 3506 vg.
934 3440 1000 3492 illud
1019 3441 1094 3492 ctiam
1119 3440 1185 3508 apud
1206 3442 1331 3494 Catonem
1346 3447 1388 3492 est.

276 3510 358 3574 Myrti
376 3510 471 3575 bacca,
494 3516 628 3575 antequam
646 3512 720 3577 piper
737 3512 904 3578 aspernetur,
935 3509 1009 3562 huius
1033 3513 1121 3563 vicem
1138 3511 1284 3576 obtinebat,
1310 3514 1388 3566 Plinio

278 3587 352 3631 teste.
498 3598 531 3630 ea
548 3580 633 3650 large]
651 3581 765 3632 Turnebi
783 3581 888 3632 codex.'
909 3600 938 3631 eo
957 3583 994 3631 acl
1005 3581 1053 3647 (ab
1071 3601 1094 3633 a.
1109 3621 1113 3630 .
1128 3599 1146 3631 a
1163 3600 1185 3635 c.
1205 3599 1253 3634 om.
1268 3584 1308 3652 b.)
1320 3583 1389 3652 large

278 3658 338 3702 cett.
358 3651 431 3702 codd.
540 3648 663 3722 sartum]
682 3654 747 3706 coni.
777 3650 868 3719 fartis
885 3651 959 3704 codd
995 3653 1059 3705 Post
1076 3653 1100 3706 lr.
1112 3669 1136 3706 v.
1156 3660 1230 3705 antea
1245 3671 1297 3706 non
1315 3657 1390 3707 inter-

178 3767 183 3772 .
279 3722 451 3788 pungebatur,
475 3722 521 3774 sed
538 3731 596 3791 post
612 3721 784 3778 crassandiis.

390 3816 460 3879 lll-
479 3830 504 3892 e]
518 3832 583 3883 coni.
695 3828 867 3896 crassandiis]
884 3831 958 3884 codd.
977 3833 1025 3884 nisi
1040 3834 1108 3901 quod
1126 3832 1287 3884 ordenandus
1301 3833 1389 3885 GHac.

280 3900 438 3952 crassnndia
456 3900 597 3963 significare
614 3901 731 3952 videntur
749 3902 872 3952 crassiora
888 3903 1016 3969 intestina,
1034 3922 1098 3972 quae
1117 3913 1278 3970 opponuntur
1293 3907 1390 3956 tennio-

279 3975 349 4025 ribus
367 3973 419 4023 sive
437 3969 502 4021 bilis.
614 3973 731 4037 non]vg.
758 3987 807 4022 om.
822 3973 894 4025 codd.
1000 3976 1028 4025 in
1039 3975 1118 4039 extis]
1131 3991 1172 4040 vg.
1209 3976 1237 4026 in
1253 3991 1305 4028 om.
1320 3975 1390 4028 codd.

278 4047 313 4092 In
331 4042 471 4112 qu0]coni.
508 4057 525 4088 a
544 4061 594 4110 qno
609 4041 697 4107 (abeo
712 4042 750 4108 a.)
765 4044 792 4092 in
807 4046 937 4109 000011,
955 4046 986 4098 cl.
1002 4063 1078 4113 supra
1093 4047 1126 4098 01
1143 4037 1246 4110 §1085
1327 4047 1390 4108 nita]

279 4114 377 4166 Eadem
391 4115 444 4165 iere
458 4114 540 4165 Varro
556 4113 617 4164 Rer.
633 4114 770 4167 Humanas.
786 4114 875 4180 fragm.
894 4121 988 4184 pm.
1000 4117 1057 4184 Bip.
1163 4134 1245 4189 neque
1264 4117 1390 4186 dispendi]
1426 4167 1427 4220 ἢ

279 4201 301 4238 v.
321 4201 397 4253 supra
414 4187 437 4247 ς.
448 4187 491 4234 60.
1426 4245 1427 4248 ¹

393 4278 462 4343 112.
487 4291 772 4362 Auguznentnmffibc.
809 4301 977 4364 angariantem
994 4298 1055 4345 cett.
1175 4291 1202 4345 in
1218 4293 1390 4362 porriciendc]

1426 4379 1427 4402 i
