2864 4814
254 213 335 289 10d
563 215 565 220 ’
659 237 1015 284 κιιιιιιιεειιιυε.
1110 234 1117 252 ”

164 485 167 492 λ
254 411 398 499 qeruut,
432 397 526 496 qnod
547 398 585 471 bi
611 400 796 472 sustinent.
968 392 1034 468 78.
1070 395 1222 495 Proprio
1246 399 1380 473 nominc

255 503 381 573 dicitur
413 499 567 572 facere
588 525 609 572 a
634 499 747 595 facie3
786 499 847 598 qui
874 499 943 589 rei,
972 499 1206 595 quemfecit,
1240 501 1383 598 imponit

194 602 390 687 &sociem
444 602 495 674 Ut
518 601 620 675 fictor
645 627 750 700 quom
771 601 856 674 dicit
880 600 1016 698 fingo,
1043 599 1191 698 figuram
1212 602 1379 698 imponit,

255 730 361 802 quom
388 701 474 774 dieit
501 702 715 795 informo,
752 703 921 796 formam,
956 703 1006 772 sie
1029 725 1108 772 cum
1130 702 1215 774 dicit
1240 702 1380 796 facio,

255 807 380 876 liciam
405 806 572 903 imponit,
612 827 724 902 aqua
750 804 838 877 tacte
863 803 1087 896 discernitur,
1121 814 1160 875 ut
1185 804 1254 875 diei
1276 808 1382 902 possit

255 901 351 978 aliod
376 931 453 978 csse
474 907 735 1000 vestimentum,
762 904 858 978 aliud
881 930 966 997 vas,
1001 905 1052 976 sic
1076 905 1159 977 item
1184 931 1273 1003 quae
1298 905 1382 977 liunt

256 1007 350 1104 apud
375 1005 514 1100 fabros,
545 1007 707 1100 lictores,
741 1009 825 1084 item
850 1006 937 1080 alios
960 1005 1065 1104 apud.
1119 1006 1192 1099 Qui
1216 1006 1303 1104 qnid
1328 1006 1382 1077 ad-

256 1111 449 1200 ministrat,
491 1111 617 1206 quuius
652 1135 741 1204 opus
782 1135 854 1182 nou
894 1118 987 1181 extat
1024 1107 1118 1204 quod
1149 1106 1213 1180 sub
1247 1135 1383 1180 sensum

257 1213 392 1302 veniat,
420 1208 464 1282 ab
488 1213 618 1309 agitatu
642 1221 681 1282 ut
704 1209 775 1282 dixi
795 1212 905 1310 magis
929 1235 1083 1308 agere,
1112 1235 1216 1306 quam
1238 1209 1383 1283 facere

256 1323 417 1410 putatur3
446 1310 509 1384 sed
528 1312 623 1409 quod
641 1310 696 1384 bis
716 1338 770 1383 ma
797 1314 827 1384 's
847 1313 1056 1410 promiscue,
1082 1336 1185 1408 quam
1206 1310 1385 1410 diligenter

258 1413 548 1486 consuctudo'est
573 1439 654 1506 uso,
682 1340 902 1486 transddtiuiis
928 1413 1057 1490 utimur
1077 1411 1212 1484 verbis:
1248 1423 1385 1484 namet

258 1517 318 1612 qui
340 1515 443 1607 dicit,
471 1513 620 1588 facere
645 1514 778 1588 verba
804 1516 973 1608 dicimus,
1002 1524 1037 1587 ct
1061 1515 1123 1612 qui
1147 1513 1279 1612 aliquid
1304 1515 1381 1613 agit,

258 1642 327 1689 non
354 1641 429 1689 esse
461 1615 762 1690 inficientem.

597 1775 615 1816 ἡ
817 1778 837 1820 rt
1029 1776 1049 1816 tt

374 1919 428 1996 79
432 1979 660 1999 .......
689 1929 749 2026 qui
779 1927 928 2000 adlucet.
987 1927 1128 1998 Dicitur
1160 1931 1316 2000 lucere
1346 1925 1384 1998 ab

200 2024 376 2127 effluere,
408 2027 452 2099 ab
475 2027 553 2101 luce
578 2029 812 2102 dissolvuntur
837 2027 1010 2102 tenebrae.
1052 2025 1114 2100 Ab
1139 2027 1218 2100 lucc
1242 2029 1385 2102 Nocti·

259 2126 373 2198 luca.
436 2131 612 2230 langere
646 2134 728 2203 item
761 2130 805 2202 ab
837 2131 936 2222 luce,
975 2128 1069 2227 quod
1101 2141 1244 2228 propter
1273 2131 1384 2202 lucem
1417 2139 1418 2186 f

259 2229 421 2310 amissam
440 2233 478 2302 'is
506 2232 620 2305 cultus
651 2234 841 2305 institutus.
892 2229 1181 2328 †Acquirere
1201 2243 1254 2304 est
1275 2232 1322 2304 ab
1344 2229 1383 2302 ad

259 2339 293 2402 ct
320 2356 484 2427 quaerere
494 2361 506 2430 3
542 2335 658 2432 ipsum
689 2360 907 2433 quaerere
933 2331 977 2404 ab
998 2359 1039 2405 eo
1065 2332 1179 2430 quod,
1213 2357 1304 2430 quac
1336 2359 1384 2404 res

258 2441 298 2536 ut
322 2435 551 2531 reciperetur,
589 2436 691 2508 datur
723 2461 850 2534 opera,
889 2434 1131 2534 aquacrendo
1157 2437 1365 2533 quaestio
1373 2461 1383 2527 3
1418 2459 1419 2490 ι

259 2531 303 2603 ab
334 2533 457 2634 bisque
490 2536 795 2632 Quaestor*.†

374 2760 427 2826 78.
455 2773 576 2844 apude.
612 2767 670 2827 olio
689 2781 750 2829 cett.
766 2774 842 2828 codd.
878 2773 953 2828 Hanc
971 2775 1166 2843 praepositionis
1184 2773 1260 2843 opud
1275 2767 1387 2827 anastro

202 2895 205 2902 .
263 2843 330 2913 pben
348 2862 364 2898 a
381 2847 474 2898 Tacito
493 2863 527 2900 ex
544 2849 687 2915 antiquiore
705 2849 792 2918 lingum
816 2849 951 2914 repetitam
969 2847 1121 2914 putaverim‘.
1157 2848 1311 2912 Quanquam
1328 2845 1387 2897 bunc

264 2919 387 2971 Varronis
411 2919 496 2970 locum
513 2922 607 2974 ceteris
631 2919 761 2972 duriorem
783 2933 840 2971 esse
857 2919 988 2971 latendum
1006 2917 1063 2972 erit,
1183 2917 1236 2988 Qui
1254 2917 1331 2990 quid]
1348 2933 1385 2982 vg.

264 2989 392 3060 quicquid
411 2987 486 3042 codd.
543 3019 545 3024 2
598 2991 715 3058 sensum]
731 3008 810 3041 sensu
829 2995 889 3044 cett.

376 3085 531 3154 Lacuna,
550 3105 627 3156 quam
645 3088 670 3142 h.
689 3091 705 3142 l.
725 3090 825 3154 notavi,
843 3104 895 3140 nou
913 3087 1035 3154 exiguam
1053 3086 1232 3156 disputationis
1249 3085 1283 3138 de
1301 3082 1388 3151 agendi

264 3155 350 3207 verbis
368 3158 535 3226 interceptam
550 3176 608 3213 esse
622 3167 729 3228 partem,
748 3161 823 3213 facilc
833 3159 992 3225 intelligitur.
1028 3159 1146 3225 Namque
1162 3164 1270 3227 apparet
1284 3161 1388 3230 surptu-

235 3257 242 3276 .
264 3242 336 3288 rem,
362 3233 498 3294 postquam
521 3230 554 3282 de
577 3233 663 3285 verbis
686 3233 812 3286 actionem
841 3246 942 3283 omnent
966 3230 1195 3300 complectentibus
1219 3229 1337 3294 dixerat,
1360 3226 1388 3278 cd

263 3297 357 3364 agendi
384 3299 475 3352 modos
501 3303 643 3366 generatim
666 3302 860 3372 pertractandos
888 3303 1025 3365 transisse,
1050 3318 1081 3354 ac
1105 3302 1213 3369 primum
1237 3300 1342 3366 quidem
1359 3297 1387 3350 ad

264 3385 315 3432 ea,
341 3385 407 3436 quae
435 3371 552 3424 sensibus
579 3375 770 3443 percipiuntur,
803 3374 913 3426 certisve
940 3374 1056 3440 corporis
1081 3372 1202 3424 membris
1227 3376 1387 3439 peraguntur.

264 3441 317 3496 tau
335 3457 393 3492 eum
412 3441 518 3497 derisu
536 3447 669 3497 oculorum
687 3446 822 3498 dicendum
841 3450 925 3508 esset,
944 3443 992 3496 boc
1010 3449 1201 3508 argumentum,
1218 3448 1249 3495 ut
1265 3442 1345 3495 etiam
1361 3439 1388 3492 dc

265 3513 340 3564 luce
359 3512 473 3580 diceret,
490 3529 549 3568 eum
568 3518 712 3570 commovit
750 3516 790 3568 ct.
808 3514 874 3568 intra
892 3516 924 3568 ad
942 3519 966 3580 ς.
977 3519 1021 3568 85.
1039 3521 1168 3571 annotata.
1272 3541 1274 3550 ν

375 3641 428 3708 79.
456 3656 510 3726 Qui
530 3689 606 3711 ....
626 3654 660 3706 ob
678 3655 762 3721 luere]
780 3655 856 3708 Haec
874 3655 967 3720 verba,
993 3661 1023 3707 ut
1041 3653 1166 3708 habentur
1188 3655 1215 3706 in
1233 3653 1325 3718 codd,
1348 3649 1388 3703 ad-

264 3728 370 3794 scripsi,
397 3743 541 3794 quanqnam
559 3744 648 3781 manca
666 3735 693 3780 et
710 3730 800 3780 mutila
818 3733 846 3779 et
862 3742 939 3778 seusu
957 3743 1037 3778 cassa.
1092 3727 1162 3779 Nihil
1173 3727 1205 3777 ¹iu
1224 3727 1255 3777 iis
1274 3727 1388 3786 variatur,

266 3800 316 3850 uisi
333 3799 402 3864 quod
420 3797 521 3849 allucet
538 3815 562 3851 a.
581 3794 689 3854 abluere
706 3801 749 3851 G..
777 3800 844 3851 Post
861 3796 970 3848 adlucet
987 3799 1143 3866 interponat,
1160 3797 1298 3850 arbitratus
1317 3795 1389 3847 verba

267 3869 314 3938 qui
332 3869 442 3920 adlucet
460 3869 493 3920 sd
511 3871 587 3923 elium
606 3872 736 3938 pertinere
760 3869 921 3924 senteutiam.
1070 3867 1157 3936 ‹1be.
1193 3886 1212 3918 α
1229 3884 1252 3920 a.
1288 3876 1316 3918 er
1334 3871 1388 3918 cett

269 3939 423 4005 Noctiluca]
442 3955 466 3991 v.
484 3941 517 4005 V,
536 3945 579 3994 68.
649 3941 767 4011 Lugere]
786 3941 852 3993 colli.
868 3941 975 4007 Popma.
1012 3937 1099 3990 lucere
1117 3938 1191 3992 codd.
1272 3933 1389 4006 1ΙἈοᾳιιὶ-

268 4027 324 4059 rere
341 4044 436 4064 .....
456 4013 593 4080 quaestor*
601 4011 631 4078 †]
650 4012 724 4065 Haec
742 4013 824 4064 aliena
843 4025 900 4062 esse
918 4011 951 4062 ab
975 4008 1024 4062 boc
1047 4026 1131 4062 rerum
1155 4025 1239 4074 nexu,
1267 4011 1343 4061 etiam
1360 4019 1388 4056 ex

267 4082 358 4133 laceris
374 4082 430 4134 istis
448 4079 522 4134 buius
540 4083 598 4134 libri
616 4085 730 4150 reliquiis
746 4083 921 4150 cognoscitur.
957 4082 1011 4134 Sed
1029 4083 1072 4134 alii
1090 4083 1147 4134 loco
1166 4098 1197 4133 ea
1215 4083 1327 4132 inserere
1344 4091 1388 4128 uon

266 4162 323 4202 sum
341 4168 427 4205 austes.
547 4171 615 4223 quoe
633 4157 687 4220 res]
705 4171 729 4208 v.
748 4159 833 4206 annot
853 4153 886 4206 ad
903 4155 1018 4218 V1‚to.
1131 4152 1303 4220 reciperetur]
1321 4147 1388 4201 codd.

263 4222 358 4280 'eodem
376 4238 452 4274 sensu
470 4239 522 4290 quo
539 4235 709 4292 resumeretur
727 4228 751 4278 iu
768 4221 867 4292 Grypb.
974 4222 1008 4272 ab
1025 4221 1118 4291 telaque
1137 4223 1281 4294 Quaestor]
1297 4218 1387 4288 scripti·

269 4293 303 4345 ob
321 4294 363 4346 tris
383 4303 557 4364 conquaestor
575 4295 746 4366 (conquestor
764 4298 813 4365 G.)
833 4295 906 4348 codd.
938 4294 990 4346 'Cb
1010 4295 1041 4350 V.
1060 4297 1103 4346 81.
1153 4333 1156 4345 .

351 4427 357 4457 l
