2890 4820
235 251 280 316 XL
657 249 949 298 unnurnuro.

235 413 324 505 quod
347 413 542 481 utilissimum
565 383 712 500 prolecto
735 421 784 477 est
804 409 970 496 negotium
991 408 1049 476 sed
1071 431 1090 476 a
1111 431 1184 476 meo
1205 412 1369 499 proposito

234 503 391 579 alienum;
429 519 551 586 neque,
585 517 658 562 cum
686 495 848 583 Spengelii
877 494 975 583 copiis
1002 494 1048 562 ita
1076 505 1201 574 uterer,
1233 508 1268 564 ut
1294 497 1371 568 iude

235 587 456 676 depromerem
500 582 615 672 quibus
656 581 698 648 ad
737 603 862 647 novam
888 581 1023 646 formam
1058 579 1259 647 condendam
1289 605 1310 647 o
1334 605 1372 649 us
1435 647 1436 652 ,

235 683 338 752 esset,
361 671 392 735 in
415 669 548 736 alienam
568 689 704 734 messem
726 665 865 732 involare
887 664 1070 752 (iudignum
1090 677 1123 734 et
1140 667 1293 734 intoleran
1318 691 1372 733 um
1435 659 1436 688 ¹

235 756 395 840 lacinus),
423 765 456 822 et
476 753 602 820 maioris
623 751 701 818 illius
724 753 847 841 operis,
879 752 930 818 cui
950 773 1044 818 suum
1067 775 1192 842 semper
1213 754 1375 822 constabit

234 846 396 931 integrum
417 841 571 930 pretium5
600 837 764 906 utilitatem
786 837 970 904 deminuere
996 836 1086 906 volui.
1117 929 1123 944 '

232 998 240 1003 ·
273 1009 278 1018 ·
350 977 478 1046 Oodd.
503 978 534 1044 iu
563 975 745 1044 annotando
775 974 840 1042 dixi
866 997 922 1042 eos
952 985 1092 1055 tantum,
1122 975 1177 1062 qui
1205 975 1245 1042 ab
1273 977 1373 1044 iuter-

162 1081 165 1084 ·
235 1064 402 1154 polationis
430 1063 523 1152 culpa
555 1062 645 1129 liberi
674 1075 707 1129 et
736 1083 837 1149 nuper
865 1071 1017 1130 accurate
1045 1059 1149 1128 collati
1176 1071 1302 1140 essent,
1338 1060 1374 1126 id

235 1164 287 1218 est
315 1150 503 1231 FGHabo.;
559 1170 672 1216 uorum
700 1147 843 1236 pleniora
870 1147 999 1214 nomina
1025 1167 1122 1250 supra
1145 1171 1174 1236 p.
1184 1147 1259 1212 XII.
1281 1147 1373 1212 XIII.

235 1235 401 1326 proposita
423 1246 505 1303 sunt.
580 1246 595 1303 t
613 1233 734 1300 facilior
752 1244 838 1301 esset
854 1232 1000 1300 variantis
1018 1243 1194 1320 scnpturae
1213 1244 1373 1313 contutus‚

235 1333 299 1400 ets
316 1320 393 1408 quid
415 1318 650 1408 antiquissimus
672 1319 723 1386 ille
745 1316 849 1386 codex
871 1317 1039 1398 habuerit5
1063 1317 1258 1386 intellectus:
1288 1319 1375 1384 hanc

235 1429 332 1496 saepe
368 1405 530 1474 scribendi
563 1405 718 1472 rationem
752 1404 921 1490 usurpavi,
962 1414 998 1470 ut
1032 1403 1155 1470 minora
1189 1403 1374 1472 discrimina

234 1491 462 1579 parentheseos
488 1489 588 1577 siguis
614 1489 797 1558 iudiearem.
848 1490 961 1576 Itaque
983 1488 1023 1566 V,
1046 1487 1113 1556 la:
1143 1488 1237 1554 enim
1258 1490 1301 1578 (n
1324 1487 1373 1573 c.)

233 1579 357 1666 luorum
384 1577 427 1640 de
453 1575 532 1662 qnia
561 1573 704 1673 (quibua
725 1576 787 1661 G.)
815 1575 954 1641 GHabc.
982 1572 1067 1640 idem
1096 1574 1320 1662 significatae
1346 1575 1374 1639 si

235 1663 388 1748 scriptum
411 1671 513 1727 esset:
539 1682 632 1724 ecem
654 1659 777 1724 borum
798 1659 840 1740 de
860 1656 985 1748 quibus
1007 1659 1048 1724 G.
1071 1661 1163 1726 enim
1183 1659 1309 1725 borum
1329 1659 1374 1724 de

235 1747 313 1834 quis
334 1745 420 1811 Hab.
444 1767 468 1809 n
487 1743 611 1808 torum
631 1742 674 1808 de
694 1745 771 1832 quis
793 1765 820 1810 c.
917 1789 922 1798 ·

349 1881 548 1952 Vocabulum
570 1873 601 1945 ia
624 1880 827 1947 annotatione
852 1881 898 1947 sic
925 1870 1077 1970 scriptum
1100 1879 1259 1964 ultimae]
1287 1901 1372 1946 sem-

236 1989 294 2056 per
328 1968 441 2034 eadem
475 1969 578 2034 lorma
607 1966 639 2031 in
671 1966 774 2055 ipsam
803 1967 965 2054 scriptoris
997 1969 1173 2034 orationem
1203 1977 1372 2052 receptum

235 2067 304 2132 este
332 2052 366 2118 id
387 2055 413 2121 si
434 2053 552 2142 pluries
574 2052 606 2117 in
626 2052 689 2118 bac
710 2051 844 2138 legitur,
873 2075 977 2140 neque
998 2053 1059 2120 alio
1080 2050 1235 2118 vocabalo
1260 2049 1372 2116 addito

234 2138 417 2206 distinctum
440 2151 507 2220 est,
534 2137 576 2204 ad
597 2137 731 2227 primum
752 2137 819 2203 eius
840 2137 961 2203 formae
982 2137 1170 2207 vocabulum
1191 2136 1372 2226 respIcitur‚

235 2223 323 2314 quod
345 2235 419 2316 post
440 2225 584 2314 proximo
606 2223 679 2290 loco
707 2234 859 2290 annotata
881 2225 1048 2312 reperitur.

348 2364 400 2430 Ne
423 2364 540 2432 novitia
561 2362 686 2430 inventa
713 2384 770 2450 pro
796 2361 967 2452 antiquitus
980 2362 1112 2432 'traditis
1137 2360 1303 2428 venditare
1327 2362 1372 2426 vi-

235 2449 346 2516 derer:
380 2450 569 2540 scripturam
596 2473 616 2516 a
642 2448 808 2515 codicibus
836 2471 899 2514 non
927 2449 1003 2516 satis
1029 2461 1129 2518 tutam
1159 2447 1238 2534 (sed
1265 2456 1374 2534 potest

235 2533 349 2600 eadem
378 2536 533 2603 tutissima
562 2557 633 2601 esse
661 2558 680 2600 a
709 2555 803 2601 sensu
833 2543 866 2601 et
894 2534 1104 2621 argumento)
1136 2533 1288 2601 asterisco
1318 2533 1372 2618 (*)

234 2621 349 2688 notavi.
392 2622 507 2687 Crucis
531 2632 638 2686 autem
661 2619 787 2704 signum
804 2616 871 2708 (†)
893 2620 1045 2686 nonnullis
1067 2619 1144 2686 locis
1167 2617 1294 2702 addidi,
1317 2619 1372 2705 qui

236 2707 417 2772 etiamnunc
446 2727 560 2770 eruces
589 2716 662 2770 sunt
690 2706 895 2805 interpretum
925 2716 957 2773 et
987 2707 1199 2772 criticorum*
1230 2705 1373 2770 Caetera

235 2791 346 2877 signa,
378 2789 493 2879 quibus
516 2811 593 2856 usus
619 2811 707 2866 sum,
736 2788 945 2879 explicatione
967 2812 1029 2857 non
1052 2813 1152 2880 egere
1173 2789 1328 2857 videntur.
1435 2855 1436 2882 p

349 2927 445 2994 Nune
472 2950 568 3016 quem
593 2926 708 2994 librum
736 2925 790 2992 din
818 2925 850 2992 in
872 2926 942 2995 sinu
967 2929 1030 2995 fori
1059 2941 1092 2998 et
1119 2931 1183 2996 iam
1209 2950 1272 2994 non
1301 2927 1372 2994 sine

236 3013 395 3084 anxietate
411 3014 544 3093 dimitto,
564 3037 638 3080 eum
654 3011 842 3079 commendo
859 3014 1025 3102 philologis
1044 3039 1106 3082 non
1121 3016 1163 3082 ad
1179 3013 1373 3081 calumnian-

236 3099 330 3176 dum,
364 3099 422 3166 sed
451 3099 664 3168 lectitandum.
727 3098 793 3165 Diu
822 3112 887 3178 est,
923 3123 962 3166 ex
990 3124 1053 3188 quo
1085 3102 1137 3168 bic
1164 3101 1299 3188 scriptor
1329 3122 1372 3166 ex

235 3182 470 3271 philologorum
500 3186 570 3252 fere
599 3186 737 3254 omniurn
767 3183 888 3250 scriniis
917 3185 1067 3254 exulavit:
1096 3209 1181 3252 nunc
1208 3188 1253 3255 ita
1281 3197 1373 3254 certe
1435 3203 1436 3256 l

236 3377 332 3420 namra
358 3353 545 3423 morositate
568 3366 601 3422 et
621 3356 845 3444 superstitione
869 3356 1074 3425 obscuratum
1094 3357 1205 3444 legere
1227 3368 1259 3424 et
1279 3357 1371 3424 intel-

236 3440 338 3526 llgere
359 3440 490 3528 possint.
534 3440 668 3525 Multum
689 3443 796 3520 abest,
826 3450 860 3529 ut
881 3443 1048 3530 perfectae
1069 3455 1103 3511 et
1124 3443 1288 3509 absolutae
1310 3445 1371 3510 cri-

237 3549 309 3591 seos
330 3526 508 3615 exemplum
527 3527 613 3592 hunc
629 3526 807 3609 Varronem
825 3548 876 3592 me
897 3551 1028 3614 ponere,
1050 3529 1124 3594 mihi
1144 3529 1372 3617 persuaserim:

236 3633 346 3676 verum
377 3624 504 3694 tamen,
541 3612 567 3680 si
597 3623 671 3699 post
700 3613 723 3678 S
748 3611 864 3698 engelii
894 3626 990 3702 atque
1019 3637 1107 3682 meas
1136 3637 1228 3681 curas
1257 3615 1372 3681 tertius
1435 3661 1436 3706 ἦ

237 3694 365 3782 quidam
388 3701 522 3785 ἔφεδρος
551 3697 689 3786 gradum
727 3697 826 3770 ecerit
852 3720 915 3762 non
945 3701 1097 3766 minorem
1123 3702 1254 3768 nostris:
1284 3699 1374 3766 hunc

235 3782 409 3868 pollicebor
430 3783 543 3850 horum
563 3783 815 3935 frapmeutorurn
837 3781 969 3851 formam
990 3785 1052 3852 iam
1076 3810 1180 3853 veram
1204 3798 1236 3854 et
1256 3787 1372 3888 geuui-

236 3890 310 3950 nam
340 3878 389 3948 et,
425 3870 451 3935 si
479 3868 587 3936 dicere
630 3893 665 3936 as
693 3867 759 3951 est,
795 3881 945 3957 tanquam
975 3871 1015 3938 ad
1044 3872 1204 3962 exemplar
1233 3895 1273 3938 ex
1301 3895 1376 3960 rpsa¹

236 3954 388 4024 Varronis
412 3953 602 4022 bibliotheca
620 3966 747 4044 raptum
768 3977 949 4044 expressam
966 3957 1057 4027 uobis
1074 3981 1145 4026 esse
1162 3957 1370 4027 redditurum.

737 4140 749 4158 t

586 4174 1021 4202 'm

118 3329 121 3334 .
236 3280 461 3370 praeparatum
480 3270 657 3358 accipiunt,
686 3283 723 3338 ut
743 3292 847 3358 neque
867 3293 908 3334 ex
929 3272 1059 3339 arbitrio
1080 3275 1243 3352 relictum,
1266 3293 1373 3360 neque
1435 3287 1436 3296 ¹
