2864 4814
238 277 294 350 60
630 303 755 348 ursan
791 302 989 362 curuans.

118 509 131 528 .
237 463 332 563 quod
361 453 563 538 coercentur
585 465 688 562 equi,
727 490 771 536 ne
803 462 884 536 inlle
910 476 1033 537 exeant
1057 474 1240 560 antequam
1266 470 1370 565 magi-

239 575 367 637 stratus
398 567 536 664 signum
566 569 671 638 misit.
737 564 845 657 Quod
878 565 922 636 ad
949 569 1041 638 muri
1066 567 1232 664 speciem*
1259 569 1371 665 pinnis

197 680 231 730 43
241 665 464 764 turribusque
489 693 646 742 carceres
672 669 754 743 olim
780 666 942 762 fuerunt,
970 670 1111 767 scripsit
1135 677 1258 766 potita:

693 789 873 859 Dictator

343 891 574 962 obicionem
596 892 736 981 insidit,
754 892 973 994 peruenitur
993 917 1108 988 usque
1123 894 1176 962 od
1189 896 1372 988 oppidum.

175 1043 335 1118 1⁵4154.
378 1045 539 1116 Intumus
570 1045 685 1115 circus
717 1043 769 1114 ad
802 1042 996 1117 Murcim
1025 1054 1192 1136 vocatur,
1221 1056 1261 1116 ut
1285 1047 1371 1118 Pro·

183 1129 227 1141 -
241 1148 341 1218 cilius
372 1146 485 1218 aiebat
508 1145 553 1216 ab
578 1147 713 1237 urceis,
756 1145 851 1244 quod
876 1148 905 1217 is
930 1146 1029 1218 locus
1057 1157 1145 1218 esset
1173 1148 1263 1218 inter
1286 1145 1372 1246 figu-

177 1303 188 1328 .
238 1249 312 1321 los:
364 1248 423 1318 alii
455 1247 578 1320 dicunt
612 1273 633 1320 a
665 1259 815 1320 murteto
850 1247 1082 1340 declinatum,
1128 1248 1223 1344 quod
1261 1246 1311 1319 ihi
1340 1249 1373 1320 id

239 1350 362 1422 suerit:
392 1352 517 1446 quoius
542 1352 727 1448 vestigium
750 1362 879 1443 manet,
907 1348 1001 1446 quod
1024 1348 1073 1420 ibi
1095 1349 1260 1421 sacellum
1276 1351 1373 1422 etiam

239 1477 334 1523 nunc
366 1451 574 1524 Murteae
609 1451 814 1525 Veneris.
941 1452 1030 1549 Item
1063 1451 1165 1522 simili
1199 1451 1241 1522 de
1275 1477 1373 1524 causa

240 1555 399 1624 circus
433 1552 691 1624 Flaminius
725 1553 875 1645 dicitur,
917 1555 977 1649 qni
1013 1555 1144 1624 circum
1177 1551 1374 1626 aedificatus

240 1665 295 1726 est
319 1653 529 1724 Flaminium
556 1678 736 1751 campum,
765 1667 799 1728 et
821 1653 985 1750 quodibi
1008 1680 1146 1753 quoque
1170 1654 1373 1727 ludis-Tau·

141 1823 143 1834 ,
240 1755 305 1825 riis
331 1756 412 1853 equi
438 1756 570 1824 circum
592 1768 700 1827 metas
726 1765 884 1827 currunt.

298 1948 301 1954 ,
352 1898 447 1973 155.
483 1900 723 1975 Comitium
748 1899 793 1972 ab
819 1927 860 1974 eo
884 1901 979 2000 quod
1006 1902 1145 1976 coibant
1166 1931 1207 1979 eo
1233 1908 1375 1980 comitiis

178 2034 230 2102 [⁵2
242 2005 382 2075 curiatis
413 2014 448 2077 et
478 2003 590 2102 litium
626 2029 742 2074 causa.
812 2002 979 2076 Curiae
1013 1993 1161 2078 duorum
1196 2035 1371 2106 generum,

240 2133 322 2176 nam
349 2117 383 2177 et
407 2104 468 2176 ubi
495 2116 655 2176 curarent
687 2104 883 2178 sacerdotes
915 2132 970 2177 res
998 2108 1152 2200 divinas,
1187 2120 1228 2180 ut
1252 2109 1375 2182 Curiae

239 2208 404 2297 Veteres,
443 2216 477 2278 et
509 2205 570 2278 ubi
601 2219 742 2278 senatus
772 2207 965 2296 humanas,
1000 2219 1041 2279 nt
1070 2208 1178 2282 Curia
1210 2212 1372 2302 Hostilia,

240 2307 336 2404 quod
375 2310 525 2407 primum
546 2307 761 2380 vaedificarit
799 2309 977 2382 Hostilius
1013 2337 1087 2384 rex.
1156 2307 1255 2384 Ante
1289 2313 1375 2384 banc

240 2410 435 2484 Rostra:
475 2412 600 2509 quoius
624 2410 707 2483 loci*
740 2411 778 2482 id
808 2408 1037 2505 vocabulum,
1072 2414 1181 2512 quod*
1205 2441 1249 2487 ex
1269 2414 1374 2488 hosti·

242 2649 327 2705 Botire
345 2655 376 2714 P.
394 2657 436 2706 Sc.
449 2655 481 2705 L.
496 2656 529 2719 V,
547 2656 651 2721 11‚as.
689 2656 783 2708 sedis
801 2657 913 2710 nondum
932 2659 1110 2724 intellexerat,
1128 2665 1278 2726 sequentem
1297 2663 1376 2713 iocum

243 2741 277 2776 ex
293 2725 392 2776 Naevio
409 2725 513 2776 ductum
532 2743 597 2780 esse.
711 2731 878 2795 coercentur]
893 2731 986 2781 retinui
1003 2747 1036 2781 ex
1053 2747 1094 2796 vg.
1132 2741 1291 2783 coercantur
1307 2734 1376 2785 FGa.

138 2861 142 2870 1
178 2785 186 2806 '
243 2796 394 2854 coercuitur
410 2796 445 2846 H.
482 2797 684 2848 cohercerentur
701 2800 727 2850 b.
851 2799 889 2848 od
909 2801 979 2852 muri
997 2801 1131 2868 speciem]
1151 2805 1217 2855 coni.
1261 2821 1279 2852 o
1298 2804 1376 2854 muris

239 2864 348 2935 portem
367 2865 442 2919 codd.
487 2883 505 2914 a
521 2869 591 2919 muri
606 2878 687 2936 porte
704 2885 748 2936 vg.
791 2886 814 2918 ax
828 2871 925 2922 mortis
942 2881 1025 2940 porte
1048 2889 1082 2924 ex
1104 2874 1265 2939 quibusdam
1280 2877 1378 2928 excusis

244 2938 322 2989 affert
340 2941 366 2988 et
384 2953 438 2998 nou,
452 2938 582 3005 improbat
598 2939 744 2993 Turnebus.
797 2959 815 2990 a
834 2943 938 2993 Marcis
959 2953 1041 3011 parte
1064 2945 1170 3008 Euivius
1188 2947 1297 2999 Ursinus
1315 2947 1378 3014 apud

245 3010 413 3076 Scioppium,
432 3016 459 3061 et
477 3027 494 3058 α
512 3011 636 3062 Murciae
654 3022 732 3080 porte
749 3013 890 3065 Salmasius
909 3014 941 3066 ad
956 3016 1074 3066 Solinum
1092 3021 1186 3083 psat.
1200 3017 1291 3085 (407).
1329 3018 1377 3070 Sed

243 3081 342 3132 Mureis
359 3097 410 3132 non
427 3087 483 3132 erat
500 3082 531 3134 ad
551 3100 677 3148 carceres,
701 3084 810 3152 primo
829 3086 907 3150 circo,
931 3087 978 3138 sed
998 3085 1031 3137 ad
1049 3092 1147 3150 metas,
1164 3085 1320 3140 intumo.¹
1339 3090 1377 3140 Ex

239 3152 349 3215 ¹vulgata
366 3153 478 3202 lectione
495 3155 648 3220 Bunsenius,
667 3157 757 3208 Descr.
774 3157 852 3207 Urbis
870 3157 903 3207 T.
914 3157 934 3208 I.
954 3175 978 3225 p.
989 3163 1064 3222 629,
1084 3160 1193 3224 colligit,
1211 3161 1302 3212 Servii
1310 3162 1376 3227 regis

243 3237 345 3274 murum
365 3222 398 3273 ad
417 3224 521 3275 Circum
541 3227 683 3278 Maximum
702 3228 873 3296 pertinuisse,
900 3229 941 3279 cui
967 3232 1108 3281 sententiae
1132 3238 1220 3282 noster
1244 3233 1316 3284 iocus
1342 3236 1378 3285 in-

245 3293 344 3345 firmius
363 3299 403 3344 est
421 3297 583 3360 praesidium.
738 3298 842 3366 pinnis]
860 3315 902 3364 vg.
935 3301 1032 3367 pennis
1050 3301 1142 3352 FGH.·
1170 3302 1263 3370 poenis
1280 3303 1305 3354 b.
1343 3305 1377 3355 De
1422 3331 1423 3334 ¹

244 3383 268 3416 a.
288 3381 339 3416 non
358 3370 468 3417 constat.
590 3366 775 3438 turribusque]
793 3386 836 3434 vg.
878 3368 1000 3422 turribus
1020 3371 1067 3441 qui
1084 3372 1175 3437 codd,
1199 3374 1249 3425 nisi
1271 3373 1339 3426 forte
1358 3393 1377 3426 a.

244 3437 323 3488 babet
342 3454 402 3505 que.
515 3434 656 3502 Dictator]
675 3441 772 3492 Versus
791 3439 837 3492 bos
855 3441 892 3491 ita
909 3443 1038 3510 disposui,
1055 3449 1085 3494 ut
1103 3445 1238 3495 Saturnios
1257 3461 1315 3497 esse
1333 3464 1377 3512 ap-

247 3515 360 3576 pareret.
404 3507 519 3560 Naevius
537 3509 666 3560 scribebat
684 3508 754 3558 uitet.
797 3512 910 3578 Propter
926 3515 1062 3566 lectionem
1080 3517 1258 3582 interpolatam
1277 3517 1378 3567 Ennius

248 3596 296 3702 ppo
310 3584 395 3701 ppe'to
413 3578 454 3631 hic
472 3582 544 3633 iocus
562 3581 594 3632 ab
612 3581 647 3634 H.
667 3580 792 3634 Columna
808 3584 894 3634 illatus
910 3590 951 3636 est
968 3585 994 3637 in
1012 3585 1089 3637 Ennii
1108 3580 1265 3654 fragmenta,
1283 3607 1309 3657 p.
1320 3593 1376 3641 149.

277 3666 333 3702 esse
344 3689 351 3702 .

274 3765 279 3780 ¹
360 3743 433 3808 154.
463 3759 591 3825 Murciae]
605 3760 680 3814 codd.
699 3760 747 3813 nisi
764 3760 833 3827 quod
851 3759 994 3812 marotiam
1012 3763 1046 3814 G.
1088 3781 1195 3814 murum
1209 3765 1235 3815 b.
1273 3765 1377 3814 mortim

246 3831 362 3882 Turnebi
388 3831 472 3882 codex
497 3828 582 3882 babet.
634 3833 769 3884 Murciam
793 3833 933 3885 Salmasius
956 3833 989 3884 ad
1014 3835 1130 3887 Solinum
1155 3831 1183 3902 p.'
1199 3840 1260 3888 637.
1282 3836 1377 3903 (dot).

138 3960 145 3976 ·
247 3904 324 3954 Certe
343 3909 428 3954 metae
447 3901 515 3952 Circi
532 3893 699 3958 Μωσέως.
718 3905 841 3970 Mortipe
867 3905 986 3956 dicuntur
1010 3907 1042 3957 ab
1062 3908 1190 3977 Appuleio
1208 3907 1273 3960 Met.
1290 3908 1334 3962 vl.
1353 3926 1377 3974 p.

250 3977 317 4040 123,
330 3974 389 4041 Bip.
409 3978 435 4024 et
453 3973 615 4026 Tertulliano
641 3976 674 4028 de
697 3975 850 4045 spectaculis
871 3993 894 4028 c.
911 3969 952 4032 ,8.
979 3977 1033 4029 Sed
1058 3978 1106 4032 dea
1130 3983 1234 4046 poterat
1258 3980 1377 4033 Varronis

172 4095 174 4100 ,
248 4051 365 4113 tempore
383 4044 434 4097 dici
453 4044 567 4096 Marcis.
680 4047 804 4114 vocatur]
823 4065 846 4099 a.
883 4055 1008 4100 vocatum
1026 4055 1089 4105 cett.

360 4149 431 4214 155.
455 4162 551 4227 conso]
572 4179 594 4214 a.
631 4181 729 4213 causae
747 4165 794 4216 Fb.
831 4181 872 4229 ee,
892 4180 952 4216 cum
969 4166 1062 4217 lineola
1081 4165 1237 4234 supraducta
1255 4171 1289 4220 G.
1325 4184 1377 4218 erse

247 4235 283 4288 Η,
335 4281 341 4285 ,
397 4244 429 4284 ur
449 4233 546 4285 Curiae
567 4235 686 4299 Veteres]
704 4236 720 4286 i.
735 4253 757 4287 e.
776 4235 863 4288 curiae
887 4238 947 4288 illae
964 4238 1108 4288 Romuleae
1127 4239 1197 4290 urbis
1215 4241 1242 4291 iu
1260 4221 1375 4292 Pairatioo

248 4311 351 4367 monte,
369 4305 505 4370 Forensis,
523 4305 625 4372 Rapta,
643 4308 783 4371 Veliensis,
801 4309 913 4368 Velitis,
932 4307 1074 4372 exquibus
1092 4325 1164 4362 secra
1178 4327 1225 4377 per
1243 4312 1377 4377 religiones

248 4377 349 4432 evocari
361 4393 411 4430 non
425 4382 578 4446 potuerant,
597 4377 695 4444 deque
713 4394 742 4432 re
760 4380 854 4434 Festus
872 4396 926 4440 sy.
939 4377 1028 4431 Novae
1046 4382 1133 4434 curiae
1152 4397 1176 4450 p.
1186 4385 1246 4454 leb.
1263 4383 1381 4436 Lindem.¹
