2864 4814
267 180 323 254 64
431 205 434 214 ’
605 253 608 260 ,
660 203 783 246 urana
820 199 1012 258 ausurus.
1405 215 1414 244 t

14 187 15 226 l

56 443 60 448 ,
204 365 260 440 54
370 361 462 438 165.
492 364 719 464 ..ligiouem
739 361 888 434 Porcius
906 358 1076 458 designat,
1099 383 1204 458 quom
1225 359 1269 434 dc
1285 361 1395 434 Ennio

13 443 15 524 l
269 466 426 554 scribens
444 464 545 564 ,dieii
572 493 651 538 eum
685 462 835 536 coluisse
869 461 1047 534 Tutilinae
1078 461 1168 534 loca.
1236 462 1395 561 Sequitur

264 580 397 668 porta
428 567 623 660 Naevia,
663 565 757 664 quod
788 567 826 637 in
854 563 1053 636 nemoribus
1079 563 1220 636 Naeuiis
1247 562 1392 662 (Naevii

13 669 14 700 ³
267 674 393 744 etenim
415 670 493 742 loca
512 668 574 742 ubi
593 665 668 770 ea),
692 670 742 740 sic
768 666 873 737 dicta.
928 663 1065 739 Deinde
1090 666 1391 758 Rauduscula,

117 797 125 816 ·
208 773 360 872 mequod
386 781 502 844 aerata
525 771 603 843 fuit.
641 765 734 841 ‘Aes
765 765 924 839 raudus
952 767 1104 860 dictum,
1144 793 1188 840 ex
1210 795 1251 842 eo
1279 771 1393 868 veteri-

204 869 332 947 *bus
358 877 394 948 iu
421 875 601 972 mancipiis
625 872 813 968 scriptum:
855 873 1081 942 raudusculo
1114 871 1254 944 librom
1269 874 1394 962 serito.

266 979 365 1050 Hinc
397 972 683 1048 Lauernalis
717 971 760 1042 ab
795 996 855 1043 ara
886 969 1091 1062 Lavernae,
1133 971 1228 1071 quod
1260 970 1309 1043 ibi
1341 997 1394 1044 ara

268 1081 354 1150 eius.
526 1073 620 1147 164.
661 1074 848 1146 Praeterea
880 1075 971 1145 intra
1003 1099 1121 1148 muros
1154 1074 1256 1147 rideo
1284 1087 1393 1172 portas

268 1180 350 1252 dici.
404 1178 449 1250 Iu
475 1178 613 1250 Palatio
637 1176 858 1249 Mucionis
884 1201 904 1246 a
927 1176 1083 1274 mugitu,
1112 1176 1207 1272 quod
1228 1203 1270 1249 ea
1293 1202 1394 1273 pecus

225 1285 305 1358 sein
327 1279 445 1355 bucita
459 1281 601 1366 ¹circum
620 1281 797 1374 antiquom
817 1275 983 1375 oppidum
1003 1276 1199 1377 exigebant.
1241 1276 1392 1350 Alteram

267 1380 559 1455 Romanulam
586 1378 630 1451 ab
654 1381 770 1452 Roma
796 1378 945 1472 dictam,
971 1405 1060 1478 quae
1085 1378 1191 1452 babet
1210 1380 1340 1480 gradus
1360 1383 1391 1450 in

189 1485 369 1581 ustrou
390 1485 447 1574 via
470 1481 517 1584 ad
533 1480 705 1580 Volupiae
726 1480 906 1554 sacellum.
1077 1477 1171 1556 165.
1202 1485 1325 1556 Tertia
1348 1493 1392 1554 est

265 1584 475 1658 Ianualis
508 1584 600 1656 dieta
636 1582 680 1686 ab
712 1584 824 1680 Ian03
871 1593 906 1656 et
939 1581 1017 1656 ideo
1052 1581 1102 1654 ibi
1136 1586 1302 1682 positum-
1323 1585 1391 1656 lani

265 1697 601 1882 illiduibrli,
623 1697 885 1883 bittit
902 1683 1078 1884 biiii?
1087 1697 1178 1861 ’nii
1194 1685 1392 1886 ,tilii

265 1889 339 1961 lum
366 1892 413 1960 sit
439 1913 635 1987 nusquam·
691 1888 877 1961 Traditum
903 1899 958 1960 est
983 1891 1188 1983 memoriae,
1223 1890 1392 1987 Pompilio

156 2093 158 2099 Ι
188 2087 190 2092 ,
265 2017 348 2090 rege
384 1991 492 2065 fuisse
529 2002 709 2091 opertam,
751 2002 787 2064 ei
822 1999 903 2088 po'st
935 1991 1019 2064 Tito
1051 1989 1187 2067 Manlio
1223 1991 1390 2086 Consule,

267 2260 445 2312 canus1556.
482 2257 538 2308 Hic
557 2257 654 2310 derunt
674 2259 726 2311 duo
740 2258 815 2327 solia
834 2261 868 2313 G.
896 2260 1021 2314 Similiter
1037 2265 1099 2314 cett.
1143 2261 1227 2313 Varro
1244 2263 1304 2327 post
1322 2256 1420 2324 aedes,

266 2327 299 2378 de
315 2329 397 2398 portis
415 2329 530 2395 dixerat,
548 2347 688 2398 omnesque
705 2333 790 2384 Servii
808 2347 939 2385 murorum
957 2338 1044 2408 portas
1063 2339 1093 2384 ut
1107 2331 1208 2383 videtur
1225 2335 1392 2388 recensuerat,
1419 2327 1420 2354 ¹

258 2400 300 2450 'ita
325 2404 354 2451 ut
372 2407 417 2452 aut
435 2419 450 2454 a
469 2403 574 2470 Capena
591 2411 636 2456 aut
654 2421 669 2456 a
686 2404 838 2470 Trigemiua
861 2411 936 2472 porta
961 2405 1060 2456 initium
1085 2404 1191 2456 faceret.
1213 2451 1217 2462 ,
1237 2401 1305 2454 Nam
1332 2402 1392 2452 iuter

264 2469 310 2524 bas
329 2477 418 2541 portas
436 2475 498 2526 sitas
517 2474 596 2528 fuisse
615 2493 676 2542 eas,
700 2492 765 2543 quas
782 2477 865 2530 Varro
883 2481 1023 2542 memorat,
1046 2476 1108 2528 satis
1126 2480 1235 2528 constat.

377 2599 449 2666 163.
470 2613 606 2682 ligionem]
615 2615 672 2665 111).-
690 2613 817 2684 legionem
829 2617 863 2669 G.
892 2615 1005 2686 ligonem
1017 2615 1053 2668 H.
1081 2615 1201 2686 iguorrcen
1215 2632 1239 2668 a.
1329 2617 1392 2665 Por-

264 2685 336 2750 cius]
357 2685 430 2740 Idem
449 2686 559 2739 recurrit
576 2685 641 2749 vll,
660 2689 720 2737 104.
755 2685 805 2738 Est
822 2687 931 2740 Porcius
947 2689 1077 2752 Licinius,
1101 2694 1177 2740 notus
1193 2688 1262 2740 inter
1278 2687 1393 2752 antiquos

266 2759 374 2822 poetas,
399 2759 442 2824 qui
467 2757 652 2823 epigrammata
677 2757 835 2824 scripserunt
853 2759 968 2826 (Gellius
986 2759 1065 2823 XlX,
1083 2759 1141 2826 9.),
1166 2760 1240 2811 cuius
1256 2774 1347 2810 versus
1364 2755 1393 2806 ad

161 2851 162 2860 r
264 2827 446 2894 Ennium,·ni
463 2828 552 2891 fallor,
580 2834 741 2894 spectantes,
767 2828 919 2882 exhibentur
936 2847 951 2882 a
969 2832 1057 2883 Gellio
1073 2829 1164 2895 XVII,
1188 2833 1232 2882 21.
1275 2829 1392 2880 Ceterum

265 2897 365 2951 Ennius
387 2901 413 2952 in
437 2899 566 2953 Aventino
591 2897 729 2963 habitavit,
755 2906 822 2952 teste
841 2901 955 2956 Eusebio
980 2903 1006 2954 in
1033 2900 1169 2954 Chronico.
1215 2902 1256 2954 De
1281 2900 1393 2954 Tutilina

263 2977 338 3022 extat
362 2972 428 3023 aiter
450 2972 573 3024 Varronis
597 2972 669 3022 locus
691 2987 724 3022 ex
748 2971 887 3040 Menippea
911 2971 1043 3024 Hercules
1068 2981 1145 3022 ruam
1163 2972 1265 3040 fidem,
1290 2972 1391 3036 Fragm.

262 3059 288 3108 p.
301 3046 363 3092 283.
382 3043 441 3112 Bip.
462 3059 496 3094 ex
514 3041 599 3094 Nonio
619 3058 640 3094 s.
652 3058 676 3094 v.
695 3042 810 3095 Tutilius
828 3045 886 3096 dea.
1038 3045 1149 3096 Naeuiis
1168 3042 1282 3110 (Naevii
1289 3043 1312 3110 *]
1333 3042 1392 3094 banc

263 3113 400 3166 lectionem
415 3114 602 3166 commendavit
618 3115 741 3182 Spengel.
778 3117 890 3168 naevius
907 3116 984 3170 FHb.
1019 3114 1114 3166 nevius
1133 3117 1182 3168 Ga.
1296 3113 1393 3166 veteri-

263 3180 325 3247 bus]
343 3183 372 3233 in
389 3183 522 3244 veteribus
540 3185 615 3238 codd.
653 3186 693 3238 cf.
712 3185 777 3238 intra
795 3187 845 3253 vl,
863 3191 907 3242 74.
923 3186 952 3238 iu
971 3187 1028 3263 lege
1045 3186 1245 3256 erroncipiorum.

257 3399 259 3404 Ι
374 3322 448 3388 164.
474 3338 509 3387 In
526 3336 638 3388 Palatio
660 3355 748 3392 omues
766 3346 819 3392 tres
846 3346 934 3408 portas
953 3355 1023 3405 esse,
1049 3341 1197 3393 Mucionem
1216 3347 1243 3392 et
1260 3341 1391 3393 Romanu-

259 3411 309 3462 lam
336 3407 539 3476 lanualemque‚'
558 3411 687 3475 significat
711 3413 828 3479 scriptor.
870 3412 1018 3478 Omnesque
1043 3412 1069 3464 iu
1093 3429 1124 3466 ea
1147 3413 1292 3465 Romuleae
1319 3413 1391 3464 Urbis

258 3487 333 3548 parte
352 3488 427 3549 sunt,
446 3497 512 3548 quae
531 3481 615 3547 Foro,
641 3482 784 3549 Capitolio,
808 3483 868 3534 Arci
886 3484 995 3535 obversa
1013 3489 1076 3538 erat.
1114 3484 1154 3536 cs.
1172 3485 1286 3538 Bursen.
1306 3486 1391 3537 Descr.

259 3553 338 3606 Urbis
356 3553 389 3606 T.
403 3555 424 3607 l.
444 3572 469 3623 p.
481 3555 541 3605 144.
671 3553 700 3603 in
719 3552 809 3602 ducito
828 3553 937 3618 circum]
957 3556 1057 3622 scripsi.
1100 3555 1129 3606 iu
1148 3554 1301 3606 bucitotum
1320 3553 1389 3608 codd.

257 3623 288 3674 in
306 3622 398 3676 bucira
418 3635 476 3677 tum
500 3631 527 3676 et
550 3623 642 3677 deinde
666 3622 790 3694 exigebat
814 3625 939 3692 Scaliger.
987 3623 1079 3677 bactra
1102 3629 1120 3680 i.
1138 3644 1162 3695 q.
1181 3627 1290 3692 buceta,
1318 3629 1390 3678 bourn

259 3709 364 3762 pascua.
499 3695 649 3768 antiquom]
668 3696 768 3763 scripsi.
805 3697 947 3768 antiquum
966 3697 1041 3749 codd.
1189 3698 1218 3748 in
1238 3699 1318 3750 Nova
1338 3696 1390 3759 oio]

259 3766 369 3816 novolio
386 3766 460 3819 codd.
480 3773 582 3834 pmeter
595 3767 621 3819 b.
640 3769 684 3834 qui
702 3765 793 3818 civilia.
828 3768 941 3818 novalia
958 3785 1000 3835 vg.
1031 3768 1115 3825 'Quod
1133 3771 1223 3837 posui,
1244 3772 1311 3823 coni.
1331 3771 1390 3822 Sea-

262 3838 330 3904 liger
356 3843 383 3889 at
406 3837 560 3906 Nardinion,
585 3840 662 3906 idque
686 3841 744 3891 loeo
768 3839 888 3890 inferiore
906 3840 957 3906 VI,
975 3844 1018 3893 24.
1037 3840 1173 3894 admodum
1192 3841 1389 3894 commendatur.

261 3907 349 3960 Etiam
374 3907 522 3962 blircionem
548 3929 568 3963 s.
588 3912 740 3977 Mugiouem
764 3917 863 3978 portem
889 3911 922 3962 ad
946 3928 1069 3964 summam
1092 3913 1193 3964 Novam
1214 3915 1281 3966 riam
1308 3914 1390 3970 luisse,

261 3980 369 4032 discitur
386 3996 418 4032 ex
437 3981 529 4032 Selino
546 3983 576 4046 l,
594 3987 653 4036 24.=
681 3982 744 4034 baec
763 3991 849 4036 autem
867 3983 1013 4036 Romanula
1031 3990 1087 4036 erat
1104 3983 1137 4036 ad
1154 3985 1295 4050 insumam,
1326 3980 1390 4052 quod

261 4065 296 4102 ex
314 4053 372 4104 loco
389 4052 440 4104 iam
457 4053 601 4119 significato
619 4055 777 4121 intelligitur.

376 4175 448 4241 165.
475 4187 606 4258 opertam]
632 4188 821 4243 Freinshemius
839 4190 873 4244 ad
898 4189 967 4244 Flor.
986 4191 1014 4256 1,
1032 4193 1057 4242 2.
1078 4209 1103 4258 p.
1120 4195 1162 4244 ³5.
1180 4193 1278 4244 Duker.
1317 4206 1391 4260 aper-

261 4270 318 4339 tum
336 4261 410 4314 codd.
566 4259 627 4309 Tiro
645 4260 763 4328 Manlio]
783 4279 831 4327 vg:
859 4262 923 4324 titio
942 4260 1050 4314 ruunilio
1069 4261 1152 4314 PGH.
1196 4264 1258 4312 titio
1276 4263 1319 4315 ab.
1362 4259 1389 4310 T.
