2874 4804
498 253 725 356 §.r-o.
840 257 845 268 ‘
981 191 987 203 ⁴
1091 254 1173 334 rao

36 442 153 518 simile
187 466 264 515 esse
296 449 331 514 et
367 437 554 535 dissimile,
596 442 628 514 si
665 437 823 516 videatur
856 467 955 534 esse,
1003 454 1044 516 ut
1077 445 1171 539 dixi3

36 556 225 636 neutrum,
263 544 358 615 siin
386 552 546 616 neutram
578 553 712 640 partem
743 545 1014 642 praeponderet,
1047 557 1109 640 nt,
1143 551 1174 620 si

35 647 130 719 duae
163 670 245 738 res,
289 668 380 743 quae
414 645 664 738 conferuntur,
709 647 848 719 vicenas
882 644 1013 720 habent
1043 659 1171 745 partes,

32 760 71 821 et
95 750 134 819 in
158 744 213 819 his
239 743 346 819 denas
370 743 524 819 habeant
553 746 714 841 easdem,
749 747 855 821 denas
883 748 968 821 alias
1000 747 1046 822 ad
1073 751 1233 830 'simi-sar

33 849 223 922 litudinem
258 858 293 922 et
329 846 644 922 dissimilitudinem
686 875 796 948 aeque
836 850 1171 942 animadvertendas.
1184 843 1238 857 '⁸‘

33 952 147 1024 Hane
179 960 340 1025 naturam
371 949 529 1050 plerique
564 943 754 1024 subiiciunt
786 950 853 1024 sub
886 951 1174 1028 dissimilitudinis
1186 975 1252 1042 mr)

29 1079 177 1128 nomeu.
371 1089 375 1100 x
712 1073 716 1081 “

141 1161 180 1236 6.
209 1161 328 1254 Quare
350 1164 514 1262 quoniam
534 1161 587 1255 iit,
610 1174 650 1237 ut
673 1165 789 1264 potius
812 1164 856 1236 de
875 1163 1047 1258 voeabula
1069 1191 1174 1266 quam

31 1265 78 1338 de
115 1291 154 1339 re
186 1266 421 1339 controversia
446 1289 521 1338 esse
550 1263 730 1359 videatur,
766 1265 855 1338 illud
887 1277 940 1339 est
969 1269 1085 1366 potius
1113 1271 1235 1343 ad·161

32 1366 265 1460 vertendum,
305 1392 412 1466 quom
440 1365 552 1438 simile
578 1367 762 1465 quidesse
786 1366 937 1462 dieitur,
970 1370 1055 1467 quoi
1085 1375 1177 1469 parti

31 1469 150 1542 simile
176 1469 313 1542 dicatur
338 1494 436 1564 esse3
463 1470 502 1540 in
527 1466 594 1541 boe
619 1471 712 1541 euim
738 1467 828 1543 solet
848 1494 923 1544 esse
942 1495 1053 1566 error,
1080 1473 1176 1570 quod

30 1580 153 1668 potest
183 1569 259 1644 lieri
288 1580 329 1642 ut
361 1568 467 1642 bomo
498 1567 633 1642 bomini
666 1571 778 1643 simile
807 1571 854 1643 sit
877 1582 913 1644 et
939 1574 1100 1665 nonsit,
1135 1583 1177 1647 nt

33 1672 169 1744 multas
195 1673 324 1769 parteis
348 1671 475 1744 babeat
499 1671 638 1763 similis,
666 1683 701 1745 et
726 1672 804 1745 ideo
830 1672 899 1744 diei
920 1676 1033 1769 possit
1054 1676 1175 1747 similis

29 1773 167 1854 babere
193 1772 337 1864 oeulos,
371 1798 516 1866 manus,
556 1772 684 1871 pedes,
717 1775 769 1848 sie
795 1772 880 1846 alias
908 1801 965 1848 res
990 1779 1175 1876 separatim

30 1886 69 1948 et
99 1899 170 1946 una
194 1873 309 1972 plura.

143 1989 182 2064 7.
217 1992 341 2089 Itaque
366 1991 462 2090 quod
487 1991 670 2091 diligenter
694 1994 883 2069 videndum
907 1997 1020 2069 estin
1042 1996 1172 2091 verbis,

33 2120 129 2194 quas
157 2096 265 2192 partis
291 2103 327 2166 et
351 2104 439 2193 quot
471 2095 584 2167 modis
608 2106 766 2195 oporteat
795 2098 918 2170 similis
947 2096 1105 2192 babere*,
1133 2110 1176 2172 ut

32 2197 132 2269 infra
160 2193 360 2292 apparebit:
398 2195 430 2266 is
461 2195 561 2270 loeus
595 2201 742 2272 maxime
775 2197 931 2272 lubricus
956 2211 1023 2273 est.
1077 2201 1176 2293 Quid
1184 2233 1233 2280 sss

1 2361 2 2364 ,
32 2300 131 2372 enim
153 2296 299 2370 similius
324 2306 436 2394 potest
460 2297 571 2369 videri
596 2297 810 2396 indiligenti,
847 2325 952 2399 quam
977 2299 1047 2373 duo
1068 2292 1235 2376 verba-

33 2401 128 2472 haee
163 2400 258 2470 suis
298 2408 334 2469 et
366 2397 495 2470 suisl
517 2423 621 2495 ¹quae
655 2425 729 2493 uon
761 2410 862 2493 suut,
899 2400 995 2499 quod
1028 2401 1175 2478 alterum

1 2515 2 2518 ’
35 2499 214 2600 signifieat
245 2523 367 2590 suere,
406 2497 552 2576 alterum
582 2525 693 2572 suem.
754 2500 810 2572 Ita
835 2526 926 2600 quae
949 2501 1075 2574 similia
1098 2529 1175 2578 esse

33 2600 184 2675 vocibus
211 2626 252 2674 ae
276 2597 421 2699 syllabis
449 2599 675 2694 eonfitemur,
713 2599 892 2676 dissimilia
917 2627 993 2677 esse
1018 2604 1175 2703 partibus

33 2705 206 2778 orationis
235 2701 415 2795 videmus,
450 2701 546 2801 quod
577 2702 725 2776 alterum
746 2702 852 2778 habet
879 2716 1054 2803 tempora,
1089 2706 1176 2782 alte·

35 2833 118 2878 rum
144 2829 268 2899 casus,
305 2828 395 2902 quae
420 2802 510 2876 duae
532 2830 588 2876 res
612 2804 670 2879 vel
693 2809 841 2878 maxime
866 2806 1068 2882 discernunt
1091 2833 1175 2881 ana·

35 2909 164 3007 logias.
280 2902 322 2978 8.
355 2904 457 2976 Item*
470 2907 718 3009 propinquiora
743 2933 871 3007 genere
894 2911 985 2982 inter
1008 2934 1046 2982 se
1068 2909 1177 2984 verba

37 3009 190 3082 similem
214 3031 317 3104 saepe
338 3007 478 3103 pariunt
501 3031 652 3080 errorem
673 3020 713 3082 ut
733 3011 772 3081 iu
792 3008 875 3101 hoe,
902 3008 999 3108 quod
1019 3034 1176 3084 nemus

34 3122 74 3185 et
105 3110 233 3207 lepus
264 3107 404 3180 videtur
433 3132 509 3181 esse
534 3108 664 3202 simile,
700 3135 807 3208 quom
832 3119 1019 3210 utrumque
1048 3109 1177 3187 habeat

36 3212 188 3286 eundem
215 3235 334 3283 casum
365 3218 520 3282 rectum:
560 3209 622 3282 sed
653 3233 724 3283 uon
754 3221 808 3284 est
832 3210 965 3306 simile,
1000 3213 1096 3313 quod
1125 3215 1175 3287 eis

38 3324 155 3388 certae
180 3309 420 3394 similitudines
444 3335 535 3410 opus
559 3322 662 3408 sunt,
688 3312 727 3386 in
748 3339 820 3414 quo
845 3324 963 3389 estut
986 3315 1024 3387 in
1048 3341 1175 3414 genere

38 3523 109 3584 sunt,
126 3516 175 3570 ribi
190 3518 253 3586 ipse.
259 3516 407 3584 praeripere
423 3515 589 3582 ineptissime.
618 3514 712 3582 Neque
731 3521 817 3571 tamen
836 3533 888 3586 quo
899 3518 950 3570 alio
969 3518 1027 3570 loro
1042 3519 1174 3586 eruetha,

39 3606 109 3657 quae
126 3589 228 3652 notavi,
252 3587 380 3652 colloces,
404 3587 535 3656 reperies:
562 3590 634 3638 certe
651 3589 729 3640 etiarn
753 3589 781 3640 in
798 3591 849 3641 fine
862 3592 888 3654 5.
906 3589 991 3657 posita
1009 3605 1104 3642 nexum
1122 3606 1174 3643 non

38 3662 123 3713 minus
136 3658 284 3712 turbabunt.
314 3659 374 3713 Qua
387 3673 421 3709 ex
434 3657 585 3710 difficultate
603 3658 733 3724 quomodo
746 3675 788 3712 me
800 3660 974 3728 expedierim‚
992 3666 1019 3712 et
1034 3661 1095 3728 quid
1111 3661 1173 3716 inda

38 3732 72 3784 ad
91 3732 199 3784 termam
217 3729 309 3783 borum
326 3728 451 3782 librorum
468 3729 675 3796 cognoscendam
691 3729 830 3796 efficiatur,
849 3732 903 3784 dixi
921 3733 948 3785 in
962 3731 1137 3788 Praelatione.

93 3827 96 3832 ’
152 3819 183 3886 6.
211 3834 415 3917 advertendum]
433 3834 699 3919 animadvertendum
712 3854 738 3894 n.
871 3837 945 3912 quor]
962 3825 1174 3921 eoniuspengel.

38 3906 282 4034 ppmppdpm.
326 3907 747 4050 titileia:libabat·
902 3919 930 3962 ⁶*
947 3927 1000 3964 ''⁰'‘
1017 3911 1066 3980 w]
1084 3921 1113 3964 ‘²
1129 3929 1172 3980 '⁸'

151 4081 184 4146 7.
208 4091 302 4146 similis
320 4091 453 4159 tatere]
480 4093 587 4162 scripsi,
612 4095 715 4149 abiecto
740 4111 764 4147 v.
784 4093 926 4161 dicuntur,
951 4096 1020 4164 quod
1044 4097 1071 4150 in
1096 4097 1172 4153 codd.

38 4166 149 4220 additur.
185 4175 218 4218 ut
235 4162 344 4217 simileie
363 4163 491 4216 &cantur
508 4180 550 4232 vg.
646 4166 719 4238 quod
734 4164 874 4232 alterum']
888 4180 930 4234 vg.
968 4168 1040 4240 quod
1055 4169 1174 4222 alterum

38 4256 91 4291 non
109 4235 185 4292 codd.
297 4236 346 4286 Ita
368 4236 448 4310 quae]
469 4236 569 4306 scripsi.
606 4239 706 4310 Itaque
723 4237 800 4292 codd.

150 4337 181 4403 8.
210 4349 298 4424 quom]
318 4351 417 4422 scripsi.
455 4351 528 4426 quod
542 4369 603 4405 eum
621 4353 697 4409 eodd.
735 4351 808 4426 quod
823 4369 865 4423 vg.
953 4354 991 4408 eir
1010 4355 1111 4425 cereae]
1128 4372 1172 4424 vg.
