2864 4814
437 222 472 322 ἓ·
501 239 548 316 97
572 263 620 278 -
643 239 728 304 101·
1083 225 1137 300 su

42 406 130 478 libris
158 403 324 478 videmus.
389 407 433 478 ln
465 406 583 480 hostiis
613 432 687 478 eam
717 405 834 480 dicuni
867 411 1019 505 arrigam
1047 431 1178 507 quaeso

43 531 158 578 cornua
189 505 337 600 lrabeat,
379 511 540 604 qnoniam
570 511 625 600 is,
668 511 749 605 quoi
781 511 837 580 ovi
871 512 957 580 mari
991 511 1137 584 testiculi

43 607 170 704 dempti,
198 619 231 680 et
254 607 429 682 *cornibus
455 611 584 704 caret'3
618 609 695 680 ideo
720 620 757 680 ut
784 621 904 682 natura
927 636 1024 682 versa
1047 639 1137 685 ver-

42 735 110 778 vex
138 707 356 782 declinatum.
481 709 548 782 99.
584 712 709 782 Pacori
735 711 837 782 ovillo
861 711 955 808 quod
979 725 1135 810 agnatus,

41 834 185 906 agnus.
252 810 460 885 Catulus
492 838 512 884 a
544 814 660 910 sagaci
692 835 794 882 sensu
824 824 858 883 et
889 823 1016 907 acut05
1055 813 1137 899 hinc

41 913 175 1002 cauis,
217 913 285 984 nisi
315 913 428 1008 quod,
463 926 501 986 ut
527 913 610 984 tuba
635 938 676 982 ac
706 936 812 982 cornu
838 912 975 1010 aliquod
1000 915 1136 1012 signum

42 1036 110 1082 cum
135 1012 216 1086 dent
243 1038 364 1086 canere
391 1014 569 1106 dicuutur,
602 1013 695 1110 quod
720 1013 879 1084 bicitem
903 1027 937 1086 ct
960 1015 1197 1115 nocerim-132

39 1136 140 1282 pupae
158 1115 197 1184 in
217 1114 368 1191 custodia
392 1126 426 1189 et
446 1118 482 1186 in
505 1115 661 1188 venando
678 1116 817 1211 signum
835 1139 920 1186 voce
940 1114 1018 1209 dat,
1046 1118 1138 1188 canis

57 1213 151 1288 ictus.
955 1285 959 1296 ,

137 1312 230 1386 100.
269 1315 435 1389 Ferarum
468 1285 636 1389 vocabula
669 1318 750 1386 item
785 1316 910 1411 parlim
940 1317 1202 1412 peregrum-20

39 1427 71 1485 ut
99 1407 343 1512 panthera,
382 1417 478 1509 leo,
513 1429 657 1514 utraque
691 1413 846 1505 Graeca,
880 1427 915 1485 et
942 1415 1139 1486 muliercula

39 1515 204 1612 pantheris
227 1517 276 1589 et*
301 1516 431 1589 leaena.
491 1513 530 1590 Α
562 1544 631 1616 quo
665 1519 764 1588 etiam
800 1527 835 1588 ct
866 1527 936 1614 rete
970 1515 1141 1612 quoddam

39 1617 217 1711 panther
241 1628 275 1690 et
304 1618 472 1692 leaena.
526 1621 686 1717 Tigris
712 1619 771 1714 qui
796 1627 848 1688 est
872 1628 910 1688 ut
932 1616 987 1688 leo
1011 1617 1138 1706 varius,

39 1720 87 1812 qni
117 1721 218 1790 vivus
244 1721 321 1816 capi
349 1717 461 1792 adbuc
487 1746 555 1791 non
577 1721 707 1816 poluit,
744 1715 947 1789 vocabulum
975 1743 994 1790 e
1023 1716 1139 1816 lingua

39 1819 221 1909 Armenia3
253 1845 330 1893 nam
356 1819 403 1890 ibi
427 1834 461 1894 et
485 1822 608 1918 sagitta
634 1831 668 1892 et
690 1819 784 1916 quod
808 1818 1141 1890 vehementissimum

40 1918 158 1991 lumen
183 1919 306 1992 dicitur
327 1921 458 2018 Tigris,
518 1921 623 1992 Ursi
654 1920 790 1991 Lucani
818 1921 934 2018 origo,
969 1917 1025 1989 vel
1050 1917 1140 1989 unde

40 2019 98 2112 illi,
136 2023 265 2113 nostri,
301 2019 344 2092 ab
375 2025 482 2119 ipsius
514 2047 611 2094 voca.
673 2020 878 2091 Gamelus
909 2046 971 2091 sno
1004 2019 1140 2090 nomine

41 2120 174 2218 Syriaco
196 2123 233 2194 iu
258 2121 397 2194 Latium
421 2125 534 2216 venit,
569 2133 608 2194 ui
626 2117 844 2193 Alexandrea
875 2118 1140 2216 camelopar-

42 2221 146 2294 dalis
172 2249 281 2321 nuper
302 2222 462 2318 adducta,
491 2224 584 2320 quod
604 2233 676 2294 erat
695 2223 805 2320 ligura
826 2234 866 2292 ut
886 2221 1047 2312 camelus,
1073 2245 1203 2317 nra-pop

43 2323 117 2395 culis
138 2336 180 2396 ut
199 2323 377 2422 panthera.
493 2321 582 2396 101.
609 2321 721 2420 ¹Apri
747 2321 789 2393 ab
816 2349 856 2394 eo
879 2318 972 2418 quod
995 2323 1032 2390 in
1056 2319 1142 2392 locis

43 2509 99 2571 qnod
116 2508 240 2578 coquitur
254 2510 278 2564 b.
296 2511 385 2577 inquo
399 2509 459 2560 illud
473 2511 543 2560 latet.
630 2495 739 2572 Accius]
753 2505 847 2556 Notum
862 2515 908 2570 est,
926 2505 957 2556 ab
970 2505 1060 2555 Oanno
1071 2505 1142 2554 Arnai.

44 2582 90 2629 crit.
107 2597 130 2646 p.
147 2584 192 2632 66.
217 2580 280 2646 boc,
306 2587 335 2632 ut
352 2581 407 2633 aliis
425 2581 510 2633 ruultis
527 2581 603 2642 locis,
630 2592 677 2645 pro
695 2579 774 2628 Accio
791 2579 845 2628 sive
862 2578 933 2629 Attio
957 2577 1024 2643 poni·
1034 2574 1145 2626 Ateium

46 2647 198 2716 philologum.
242 2653 290 2702 Cui
314 2654 362 2704 viri
379 2652 446 2704 docti
469 2652 563 2714 iudicio
587 2649 654 2716 quod
679 2665 730 2700 non
752 2649 861 2713 accessi,
886 2650 912 2699 in
936 2651 1068 2699 causaest
1091 2651 1146 2698 tunt

44 2735 150 2772 numerus
167 2723 284 2774 locorum
302 2725 339 2774 sic
356 2723 571 2788 corrigendorum,
594 2727 647 2772 tum
665 2726 734 2770 aetas
753 2720 834 2782 Ateii,
851 2717 960 2770 Varroni
976 2719 1016 2769 vel
1034 2716 1146 2782 aequalis

42 2792 75 2840 vel
90 2808 118 2844 eo
130 2794 236 2844 iunioris
243 2809 258 2857 3*
268 2809 299 2845 ac
311 2795 393 2846 Varro
411 2794 553 2859 aequalium
571 2793 717 2843 testimonio
734 2807 838 2858 perraro
855 2791 940 2840 utitur.
1012 2787 1144 2856 arrigunt]

43 2863 129 2928 scripsi.
164 2863 284 2934 ariugem
301 2865 331 2916 F.
366 2865 483 2934 arrigens
500 2869 561 2916 ceti.
716 2860 848 2911 'cornibus
866 2861 962 2924 carroff]
980 2859 1069 2921 Haec,
1085 2858 1145 2907 uulli

44 2935 138 3000 vestigio
155 2933 232 2999 codd.
249 2936 380 3000 insistens,
406 2942 511 3002 propter
533 2948 635 2985 seusam
656 2933 737 2983 intuli.
779 2933 818 2982 De
835 2947 883 2982 usu
900 2949 924 2982 v.
942 2929 1018 2980 acet.
1037 2929 1070 2990 V,
1085 2932 1145 2977 las.

45 3005 187 3071 procidua,
215 3023 282 3074 quoe
299 3005 414 3056 interae
431 3005 514 3060 trita,
537 3013 564 3053 et
582 3003 726 3052 deminuta.
767 3002 954 3053 Lindemanuus
972 3000 1036 3050 coni.
1062 2996 1146 3045 sicui

45 3074 79 3122 cvi
94 3075 159 3126 muri
177 3076 297 3126 testiculi
313 3076 410 3144 dempti
425 3084 498 3138 aunt,
514 3074 580 3138 ideo,
598 3083 630 3124 ut
648 3082 748 3123 natura
765 3089 850 3136 uersa,
862 3066 960 3121 »vervex
979 3066 1146 3118 declinatum.

140 3181 193 3246 99.
217 3193 307 3257 acuto]
325 3199 383 3260 post
401 3191 522 3247 lav-add.
540 3187 648 3240 catulus
660 3188 690 3240 F.
704 3187 751 3236 lac.
762 3187 787 3236 in
801 3185 840 3236 bc.
928 3201 1007 3232 cornu
1026 3179 1146 3250 aliquod]

46 3266 99 3316 coni.
134 3281 234 3318 cornua
250 3263 320 3336 quod
336 3264 409 3316 codd.
528 3260 600 3326 deut]
618 3259 753 3311 Victorius.
790 3255 865 3306 dente
881 3255 955 3307 codd.
1067 3259 1146 3330 sanctu

46 3332 158 3404 lacuque]
178 3335 244 3388 coni.
279 3335 436 3386 noctulucus
453 3333 499 3384 Fa.
523 3331 636 3384 Turnebi
654 3329 710 3380 cod.
751 3326 906 3377 noctuculus
925 3325 992 3378 Hbc.
1027 3331 1146 3372 noctrcu-

47 3402 82 3454 lus
97 3409 129 3460 G.
172 3407 264 3460 Potest
282 3407 358 3457 etiarn
375 3419 466 3457 nomen
487 3403 564 3455 fuisse
589 3399 759 3462 narraturus,
787 3399 873 3450 fictum
891 3413 923 3449 ex
941 3401 1017 3446 noctu
1035 3399 1061 3442 et
1078 3394 1144 3442 lucu.

46 3473 96 3528 Hoc
111 3475 171 3528 lucu
191 3493 225 3530 ex
242 3477 363 3530 Terentio
381 3482 476 3528 notum.

146 3565 216 3630 100.
235 3582 266 3625 ut
280 3573 415 3642 pruntlzera
427 3605 436 3624 0
449 3606 456 3622 .
467 3605 491 3624 .-
503 3604 511 3621 .
525 3566 640 3638 panther
657 3573 683 3614 et
701 3561 803 3628 leoena]
821 3563 871 3614 Hic
885 3567 923 3612 est
940 3561 1002 3611 ordo
1018 3558 1145 3610 membro-

48 3661 93 3699 rum
110 3650 133 3700 in
151 3653 184 3702 G.
202 3648 251 3700 nisi
268 3645 335 3713 quod
353 3647 374 3696 is
392 3645 470 3696 verba
486 3651 511 3692 et
529 3641 620 3690 leoena
637 3639 713 3688 ctiam
730 3644 789 3686 ante
807 3643 834 3682 ct
852 3629 1005 3682 muliercula
1016 3630 1101 3696 ponit,
1119 3633 1146 3680 et

47 3726 98 3782 post
113 3721 247 3773 secundum
265 3717 357 3767 leaena
373 3715 463 3767 verba:
482 3711 569 3783 tygris
587 3707 632 3780 qui
649 3715 689 3757 ert
706 3705 797 3756 varius
816 3713 847 3752 ut
865 3702 903 3752 leo
921 3701 1042 3768 puratum,
1060 3699 1146 3750 addita

49 3785 128 3855 babet,
145 3799 203 3860 post
221 3789 320 3858 punctis
337 3788 479 3838 subnotata.
516 3785 583 3834 Cett.
599 3778 672 3831 codd.
691 3779 765 3828 colon
784 3775 845 3826 boc:
864 3783 894 3853 'ct
907 3769 1067 3852 ‘arculiercu'la

48 3855 130 3910 leoena
148 3865 312 3928 transponunt
330 3863 388 3924 post
405 3853 518 3922 pautlrcr
536 3861 563 3901 et
580 3851 681 3900 leaena.
822 3861 869 3912 quc
887 3860 962 3893 vacus
981 3859 1039 3910 cupa
1058 3841 1146 3926 adbrcc

49 3944 93 3979 nou
111 3933 211 3998 potuit]
228 3935 358 3996 Augustus
376 3929 427 3982 Qu.
444 3925 581 3978 Tuberone
605 3919 686 3972 Fabio
712 3917 782 3968 Max.
801 3931 866 3966 coss.
885 3915 929 3966 lv.
948 3915 1033 3966 Nonas
1055 3913 1146 3996 birras,

50 3996 143 4054 Thentri
166 4003 281 4056 Marcelli
307 3999 480 4060 dedicatione,
511 3995 588 4061 tigria
612 3991 707 4056 primus
733 3987 842 4039 omnium
864 3987 963 4037 Romae
985 3983 1095 4063 ostendrt
1119 3997 1147 4046 ιιι
1242 4003 1248 4016 ·

51 4084 118 4122 cavea
135 4073 345 4135 mansuefactum,
367 4075 434 4122 teste
450 4067 533 4119 Plinio
551 4064 583 4116 N.
603 4061 637 4112 H.
655 4058 732 4141 Vbi,
751 4063 793 4142 lp,
812 4062 854 4109 65.
977 4055 1051 4120 Ursi]
1075 4053 1149 4132 Haec

51 4144 166 4202 quomodo
183 4141 346 4208 intelligenda
363 4143 428 4204 siut,
452 4131 651 4203 interpungendo
670 4129 785 4181 iudicavi.
931 4123 1147 4208 caraelapcrdobc

51 4208 177 4266 Dictatoris
194 4215 310 4267 Caesaris
329 4210 491 4264 Circensibus
513 4207 578 4260 ludis
602 4203 709 4270 primum
729 4201 782 4251 vira
801 4199 908 4250 Ronme.
952 4197 1025 4259 ilaec
1049 4197 1147 4248 lerus

53 4277 81 4330 u.
99 4284 129 4335 Η.
146 4286 222 4352 vul,
242 4289 289 4350 re,
308 4289 350 4336 ce.
386 4284 435 4336 uio
453 4281 556 4332 Cassian
572 4273 673 4337 xum,
691 4275 733 4325 aa.
