2866 4812
257 201 337 278 158
633 233 754 278 crura
794 234 1010 280 sururuus.

257 392 384 486 tutuli3
424 395 498 466 sive
524 392 569 464 ab
591 419 633 466 eo
658 393 753 491 quod
778 394 815 467 id
843 395 963 468 tuendi
996 419 1100 470 cansa
1130 396 1246 494 capilli
1271 397 1383 491 tiebat,

260 497 334 568 sive
359 494 403 566 ab
430 521 490 586 eo,
526 495 642 592 quod,
678 496 882 570 altissimum
908 499 943 568 in
970 497 1056 570 urbe
1082 499 1176 595 quod
1202 510 1275 590 est,
1313 526 1383 590 arx,

201 598 470 686 ffltutissimum
497 609 654 670 vocatur.
803 596 873 670 45.
917 599 1079 672 Eundem
1105 600 1319 697 Pompilium
1344 604 1386 672 ait

258 697 383 769 secisse
417 698 594 792 llamines,
631 700 692 795 qui
725 725 830 796 quom
862 727 980 772 omnes
1004 704 1073 773 sint
1098 728 1117 774 a
1143 701 1291 799 singulis
1318 702 1385 773 deis

259 801 509 896 cognominati,
552 803 588 872 in
621 799 830 896 quibusdam
862 813 1028 901 apparent
1054 804 1198 898 ἔτυμα,
1237 813 1276 874 ut
1304 830 1386 901 quor
1419 868 1420 902 ,

258 903 303 972 sit
324 901 551 974 Martialis
579 912 613 973 et
638 901 921 998 Quirinalis,
963 906 1103 978 suntin
1127 905 1254 1002 quibus
1279 905 1385 989 flami·
1419 907 1420 980 l

258 1029 343 1072 num
367 1002 629 1100 cognominibus
654 1003 762 1076 latent
784 1007 969 1104 origines,¹
989 1017 1048 1100 ut,
1083 1008 1120 1078 in
1145 1005 1199 1078 bis
1225 1008 1385 1105 quisunt
1419 997 1420 1004 ἶ

256 1102 434 1210 versibus,
473 1101 651 1202 plerique:
1081 1189 1088 1204 .

371 1219 716 1310 Vollurualem,
743 1221 1061 1306 Palatualem,
1087 1223 1384 1291 Furriualem

178 1332 247 1399 (aa)
372 1323 712 1416 Floralemque
739 1324 995 1393 Falacrem
1023 1337 1059 1392 et
1084 1325 1383 1414 Romanulam
1420 1333 1421 1352 ¹

370 1480 448 1549 Hic
470 1481 589 1572 idem,
709 1424 810 1514 sem

195 1621 345 1694 squuae
371 1597 519 1670 obscura
544 1610 638 1671 snut.
693 1592 828 1672 Florum
851 1603 949 1700 origo
971 1598 1186 1693 voltarum,
1219 1598 1302 1674 diva
1322 1601 1384 1674 Pa·

256 1698 369 1793 latua,
400 1701 571 1793 Furrina,
605 1700 731 1793 Flora,
769 1701 915 1776 Falacer
938 1715 1056 1801 pater,
1088 1702 1277 1778 Pomona*.

284 1873 286 1880 ·
357 1834 425 1908 46.
465 1832 575 1935 Apud
598 1837 774 1910 Ennium:
856 1903 859 1910 .

371 1961 455 2029 Iam
473 1974 559 2032 cata
575 1963 684 2056 sigua
695 1963 792 2055 fera
805 1965 964 2033 sonitum
978 1966 1072 2034 dare
1086 1963 1385 2058 coaeparatur,

255 2157 322 2208 coni.
365 2156 409 2206 uti
426 2156 502 2210 codd.
545 2157 598 2208 reti
623 2159 741 2228 Capetus
765 2167 792 2213 et
814 2160 941 2212 Dacerins
964 2160 997 2212 ad
1022 2159 1129 2212 Festum
1148 2179 1173 2227 p.
1192 2163 1252 2212 726.
1271 2160 1383 2212 Lindon.

256 2228 324 2279 lllud
342 2244 376 2280 ex
391 2230 451 2296 ipso
468 2229 549 2281 Festo
567 2233 679 2299 sumpsi:
713 2233 844 2282 lutatam
862 2231 953 2282 vocari
970 2232 1049 2280 uiuat
1065 2232 1274 2282 Flaminia-arum
1294 2232 1383 2300 capitis

256 2307 453 2354 oruamentum,
480 2301 551 2370 quod
562 2301 622 2368 stat
640 2303 713 2354 uitta
728 2321 867 2372 purpurea
884 2303 983 2354 innexu
1001 2300 1118 2353 crinibus
1137 2308 1186 2354 etc.
1328 2301 1384 2367 arx]

254 2371 304 2422 Ga.
322 2377 350 2423 et
368 2370 402 2422 H.
430 2371 476 2422 sed
495 2369 536 2426 bic
554 2373 589 2424 ita
609 2379 638 2425 nt
656 2393 706 2426 arx
725 2392 803 2443 supra
820 2392 881 2426 ares
906 2376 1029 2442 scripturn
1047 2375 1088 2426 sit.
1134 2374 1202 2428 Hinc
1225 2380 1314 2428 ortum
1336 2384 1384 2424 tres

253 2443 279 2494 in
295 2442 326 2495 F.
351 2449 391 2506 et,
416 2443 518 2496 adiecto
536 2461 607 2512 sequ.
626 2455 680 2503 est,
706 2450 819 2498 cesaries
838 2447 863 2498 in
882 2446 908 2500 b.
936 2453 963 2499 et
980 2463 1012 2496 ea
1030 2463 1072 2496 res
1090 2446 1116 2496 in
1135 2462 1177 2512 vg.

346 2540 418 2610 45.
444 2552 511 2616 sint]
523 2553 557 2602 G.
593 2561 658 2602 suat
677 2558 737 2604 cett.
755 2553 831 2606 codd.
946 2561 986 2616 ul,
1005 2552 1034 2600 in
1051 2550 1093 2602 lu'a
1112 2551 1241 2621 quisunt
1259 2547 1383 2611 versibus,

252 2625 386 2694 plerique]
405 2622 480 2677 codd.
525 2624 600 2677 Quae
618 2625 748 2688 quomodo
765 2623 933 2688 intelligenda
951 2624 1016 2686 sint,
1042 2622 1249 2689 interpungendo
1269 2621 1381 2672 indicavi.

253 2698 320 2748 Post
337 2695 401 2747 baec
419 2712 435 2746 a
452 2694 567 2745 Varrone
585 2695 656 2760 ipsos
674 2694 751 2746 Ennii
769 2710 859 2746 versus
878 2695 988 2760 scriptos
1007 2710 1080 2758 esse,
1105 2710 1151 2744 eur
1169 2709 1249 2759 usqne
1271 2694 1307 2744 ad
1324 2691 1383 2742 bunc

254 2767 323 2818 diem
341 2767 446 2818 criticos
464 2779 552 2816 omnes
578 2765 680 2816 latuerit
705 2765 768 2831 (uisi
786 2766 855 2830 quod
873 2765 1011 2816 Turnebus
1028 2765 1152 2816 iambicos
1176 2770 1314 2817 scazontes
1331 2763 1382 2814 inde

256 2838 421 2905 exsculpsit),
439 2850 528 2904 parum
547 2836 672 2900 intelligo.
708 2837 744 2900 li,
763 2853 827 2901 quos
843 2853 876 2888 ex
889 2835 979 2899 codd,
998 2835 1068 2887 nulla
1080 2835 1135 2888 sere
1153 2837 1295 2887 mutatione
1313 2835 1381 2893 sacta,
1424 2855 1425 2884 i

254 2909 393 2978 proposui,
422 2909 554 2972 elegantes
581 2906 697 2974 profecto
721 2923 772 2958 non
798 2915 857 2960 sunt
883 2905 1038 2971 hexametri,
1065 2923 1149 2972 neque
1175 2908 1279 2960 rudiore
1304 2912 1383 2959 tamen
1424 2903 1425 2966 i

223 3034 227 3042 .
254 2982 292 3033 illi
311 2987 366 3032 arte
385 2979 488 3047 praeusi
507 2994 583 3044 quam
606 2978 678 3030 multi
697 2979 739 3030 aiii
758 2995 847 3031 versus
865 2981 936 3046 longi
952 2979 1065 3030 eiusdem
1083 2981 1186 3045 politae.
1298 2975 1381 3028 .Val-
1424 2991 1425 3042 j

254 3051 399 3118 iurnalem]
423 3050 512 3110 codd,
543 3050 592 3100 nisi
621 3050 689 3115 quod
713 3051 745 3104 F.
778 3050 945 3102 uolturuules
970 3049 1047 3100 babet
1069 3056 1096 3101 et
1117 3047 1274 3116 palatuales
1301 3054 1328 3101 et
1350 3048 1382 3098 sic

255 3123 384 3190 deinceps.
438 3121 612 3174 Vartunalem
630 3121 745 3174 Turnebi
763 3123 863 3185 codex,
889 3122 957 3174 uude
981 3121 1067 3173 lacere
1092 3122 1153 3172 lieet
1180 3118 1382 3171 Vortumnalem.

153 3196 157 3210 ¹
255 3193 311 3246 Sed
336 3194 512 3245 Vortumuaiia
538 3192 607 3244 dicta
631 3210 688 3245 esse
713 3193 789 3245 etiam
809 3195 982 3254 Volturnum,
1014 3209 1092 3259 supra
1110 3191 1141 3244 ad
1161 3193 1212 3256 vl,
1230 3195 1274 3243 21.
1294 3190 1381 3252 notau,

255 3272 283 3317 et
300 3263 359 3317 buia
383 3264 432 3334 ipsi
457 3263 552 3314 flamini
575 3279 668 3316 nomen
687 3273 727 3317 est
745 3265 929 3318 VOLTURN.
949 3263 1101 3328 FLAMlNI
1125 3264 1151 3314 in
1176 3264 1210 3314 Κ.
1230 3263 1382 3330 Capranico·

254 3353 319 3389 ram.
434 3333 613 3401 Furrinalem]
632 3337 732 3404 scripsi,
750 3353 894 3402 quanquam
907 3334 1058 3405 surinalem
1076 3333 1230 3403 (farinaries
1246 3334 1294 3400 F.)
1313 3331 1381 3384 codd.

255 3408 309 3461 Sed
326 3406 392 3459 inira
404 3404 519 3474 farriae
539 3405 633 3458 babent
651 3409 696 3458 Fa.
733 3408 901 3474 Eandemque
919 3408 1026 3460 sormam
1043 3407 1153 3458 Varroni
1170 3405 1328 3458 reddidimus
1341 3402 1380 3464 Vl,

255 3485 299 3532 19.
327 3485 353 3531 et
374 3477 510 3530 reddemus
528 3479 561 3542 V,
579 3482 622 3530 84.
640 3479 666 3530 in
684 3479 823 3532 addendis.
953 3477 1148 3547 Floralemque]
1168 3479 1234 3530 coni.
1263 3474 1383 3544 floraleu

256 3549 382 3618 [florales
400 3550 445 3616 F.)
465 3548 512 3620 qui
529 3548 604 3601 codd.
692 3543 695 3550 ’
772 3549 886 3600 Falacer
898 3548 992 3617 pater]
1011 3549 1085 3600 Haeo
1101 3550 1222 3600 coniunxi
1246 3554 1276 3599 ut
1294 3549 1326 3611 V,
1344 3547 1381 3596 Fi.

249 3625 352 3692 jlarrren
370 3620 484 3672 Falacer
502 3638 520 3669 a
539 3621 599 3671 diro
614 3629 695 3688 patre
717 3619 836 3672 Falacre.
955 3620 1097 3686 Pomona]
1115 3621 1220 3688 scripsi,
1240 3617 1382 3686 praeeunti-

256 3695 304 3745 bus
322 3693 415 3760 partim
433 3693 556 3743 Turnebo
574 3698 600 3744 et
618 3693 752 3760 Scioppio.
793 3708 933 3759 pomorum
950 3707 1013 3740 nam
1030 3691 1061 3745 F.
1090 3692 1158 3758 quod
1183 3707 1216 3743 ex
1236 3704 1380 3758 pomo-na

255 3767 325 3817 laeili
343 3765 489 3833 corruptela
506 3770 590 3815 ortum
608 3780 665 3816 esso
683 3763 792 3816 videtur.
828 3779 890 3812 nam
905 3799 911 3812 .
929 3800 935 3813 .
953 3797 960 3812 .
975 3760 1132 3830 ,parabant
1151 3779 1200 3814 om.
1219 3762 1288 3815 Gab.
1323 3775 1381 3830 aare

194 3897 199 3908 ¹
256 3873 330 3891 ....
350 3834 428 3885 uerbo
453 3851 504 3887 om.
522 3835 575 3885 Η.’
599 3836 628 3886 Si
655 3835 712 3900 quis
737 3834 849 3886 scribere
874 3834 976 3884 maliet:
1006 3833 1121 3884 Falacer
1140 3843 1221 3902 pater
1240 3847 1381 3902 pomorum,

256 3925 318 3958 nam
337 3907 466 3970 [Pomona
484 3913 569 3954 mater
585 3905 655 3970 est].·
684 3911 773 3972 posset
796 3906 817 3955 is
836 3921 938 3956 causam
963 3921 1035 3956 snam
1061 3906 1128 3957 tueri
1150 3905 1236 3956 verbis
1259 3905 1325 3957 tituli
1342 3919 1378 3967 ap.

256 3980 383 4032 Murator.
402 3995 427 4044 p.
447 3976 477 4027 G.
495 3981 520 4027 6.
539 3975 572 4027 Τ.
589 3975 723 4027 FLAVIO
746 3975 968 4028 PRIMIGENIO
992 3976 1148 4028 FALACRI
1176 3975 1272 4027 DEAE
1295 3972 1378 4030 ΡΟΜ.

257 4051 290 4101 Τ.
315 4049 470 4101 FLAVlUS
494 4054 560 4110 eta,
592 4062 625 4097 ex
654 4063 705 4112 qno
732 4063 857 4115 apparere
888 4045 1002 4112 videtur,
1040 4048 1117 4099 etiam
1148 4049 1281 4100 Pomonae
1306 4047 1378 4098 luisse

258 4123 365 4172 [alacres
392 4120 521 4182 flamines,
549 4115 733 4184 Falacremqne
766 4124 864 4187 patrem
889 4117 968 4171 luisse
993 4119 1070 4170 deum
1098 4135 1157 4172 cum
1180 4119 1298 4173 Pomona
1321 4131 1378 4170 con-

257 4192 451 4246 iunctissimnm.

368 4279 419 4344 46.
448 4295 575 4364 linaium]
593 4297 693 4352 Merula
712 4301 797 4368 posuit
814 4301 902 4354 lunai.
914 4300 941 4364 1,
957 4302 1016 4352 147.
1035 4305 1113 4369 pal.
1127 4301 1158 4355 ll.
1169 4302 1198 4354 S.
1305 4294 1379 4382 ser‘fl
