2864 4814
266 209 321 284 10
649 232 767 276 nrnnn
803 231 991 286 oururns.

164 456 167 462 ’
266 383 1377 588 111111.”1,11113.1“111111...111λί

266 623 334 670 nna
357 607 492 695 gerunt,
520 593 628 690 gerni,
647 589 690 662 .G
712 587 797 662 inC
820 593 974 682 mutavit,
998 602 1036 663 ut
1060 593 1097 662 in
1119 590 1248 662 multis.
1301 589 1377 662 Le·
1425 631 1426 690 3

250 723 371 794 rpus,
411 694 504 792 quod
538 691 648 766 Siculi
680 689 818 785 quidam
850 689 976 763 Graeci
1004 692 1123 763 dicunt
1156 691 1329 788 λέπορνν5
1358 717 1376 761 a
1425 749 1426 752 ,

266 801 379 871 Roma
399 795 492 894 quod
513 795 578 866 orti
595 791 718 882 siculi,
746 802 785 862 ut
805 793 943 864 annales
961 803 1094 864 vetares
1116 794 1222 865 nostri
1244 791 1373 883 dicunt,

266 898 409 970 fortasse
432 896 513 967 hino
539 893 620 964 illuc
642 892 793 978 tulerunt
814 904 847 964 et
867 891 926 964 hic
951 893 1162 990 reliquerunt
1182 891 1218 964 id
1238 919 1372 965 nomen.

266 998 457 1097 Vulpes,
485 1007 524 1067 ut
547 991 671 1066 Aelius
697 992 851 1086 dicebat,
877 994 972 1093 quod
995 993 1088 1066 volat
1107 992 1263 1091 pedihus.

199 1145 256 1218 -21
366 1129 457 1206 102.
501 1133 676 1204 Proxuma
706 1130 864 1201 a‘nimaha
892 1141 973 1202 sunt
1000 1155 1153 1226 eaquae
1183 1131 1299 1200 vivere
1327 1127 1373 1200 di·
1424 1196 1425 1200 ,

215 1244 392 1324 [efficuntur
426 1259 536 1330 neque
562 1230 687 1304 hahere
712 1234 881 1323 animam,
917 1243 956 1303 nt
979 1231 1142 1330 virgulta.
1195 1229 1373 1328 Virgnl·

266 1347 354 1406 tum
376 1334 502 1406 dieitur
529 1359 549 1404 a
574 1333 729 1425 viridi,
757 1331 793 1401 id
818 1358 838 1403 a
859 1335 895 1403 vi
919 1331 1065 1430 quadam
1082 1329 1261 1422 ¹humor-io,
1291 1355 1373 1428 qnae

266 1438 297 1506 si
331 1437 484 1528 exaruit,
528 1435 682 1506 moritur.
758 1431 911 1526 vitis.
958 1433 1051 1530 quod
1083 1457 1123 1504 ea
1154 1434 1224 1503 vini
1259 1435 1365 1530 origo.
1423 1463 1429 1480 ⁶

264 1535 450 1628 Malum,
492 1535 585 1633 quod
606 1532 731 1605 Graeci
753 1532 874 1606 Aeolis
903 1534 1023 1606 dicunt
1048 1539 1182 1630 μᾶλον.
1228 1533 1372 1605 Pinus
1424 1528 1431 1618 χ’

268 1687 541 1706 ..........
569 1635 776 1732 lugdune,
811 1634 904 1731 quod
937 1661 1040 1732 quom
1073 1634 1158 1730 haec
1188 1661 1260 1706 nux
1285 1646 1373 1705 ante·

264 1761 367 1832 quam
392 1746 558 1832 purgatur
583 1734 704 1805 similis
732 1735 888 1832 glaudio,
928 1734 1013 1807 haec
1047 1735 1146 1834 glans
1176 1747 1316 1833 optuma
1344 1747 1374 1808 et

195 1841 198 1856 '
223 1858 259 1905 ao
268 1860 426 1906 maxuma
451 1836 495 1907 ab
519 1836 602 1906 Iove
627 1847 661 1908 et
692 1834 815 1932 glande
840 1834 974 1933 inglans
998 1847 1050 1907 est
1074 1837 1254 1934 appellata.
1309 1837 1374 1908 Ila·
1425 1863 1431 1904 l

204 1961 251 2028 [tp
267 1936 344 2007 dem
374 1923 481 2028 nux,
517 1936 633 2034 qnod,
669 1946 708 2006 ut
735 1961 804 2007 nox
829 1945 959 2028 adrem,
995 1935 1098 2008 huius
1123 1963 1227 2009 sucus
1253 1964 1374 2034 corpus
1430 1965 1431 2033 t

123 2122 126 2128 ἱ
266 2035 351 2109 facit
375 2047 499 2108 atrum.
653 2032 745 2108 105.
784 2037 883 2126 Quae
907 2039 944 2108 in
968 2040 1050 2109 ortis
1075 2049 1281 2131 nascuntur,
1314 2039 1375 2110 aha

163 2133 165 2138 ’
262 2140 450 2234 peregrinis
484 2135 683 2228 vocabulis,
727 2148 765 2208 ut
795 2136 939 2209 Graecis
969 2140 1173 2231 ocimum,
1211 2151 1373 2231 menta,
1426 2155 1431 2224 1

192 2248 379 2329 (aurosa,
414 2263 517 2334 quam
542 2265 635 2310 nunc
660 2234 831 2330 πήγανον
850 2238 1034 2334 appellant.
1095 2240 1181 2311 Item
1209 2235 1373 2332 caulis,
1426 2232 1428 2241 ⁴

262 2338 539 2434 lapathium‚
567 2340 757 2438 rapum*3
798 2341 848 2411 sie
869 2341 958 2410 enim
977 2342 1107 2437 antiqui
1125 2340 1250 2413 Graeci
1275 2367 1376 2439 qnam
1425 2328 1431 2392 1

261 2466 354 2512 nunc
382 2440 585 2538 raphanum.
651 2442 739 2526 Item
769 2440 854 2513 haee
884 2439 1027 2513 Graecis
1058 2440 1254 2514 vocabulis:
1292 2470 1374 2514 ser·
1430 2461 1431 2474 ¹

199 2541 437 2636 pupillum,
473 2569 595 2634 rosa,
633 2569 701 2613 una
733 2541 844 2614 littera
867 2553 1085 2614 commutata.
1148 2543 1234 2614 Item
1261 2569 1304 2614 ex
1323 2542 1375 2615 his
1427 2617 1428 2622 ,

262 2637 404 2712 Graecis
420 2640 563 2714 Latina:
593 2643 868 2734 coriandron,
896 2641 1137 2737 malachan,
1162 2645 1371 2742 cyminon.
1426 2665 1429 2729 3

373 2833 442 2896 101.
461 2841 568 2914 κάπρος]
587 2863 628 2912 vg.
665 2865 716 2913 unp
735 2846 769 2897 Η.
807 2863 906 2914 capron
923 2850 956 2899 G.
992 2863 1070 2916 apros
1088 2855 1148 2901 cett.
1292 2851 1375 2919 gerni]

260 2919 297 2968 ita
314 2918 473 2970 scribendum
491 2933 547 2968 esse
565 2918 689 2968 intellexit
707 2917 770 2970 Cod.
790 2917 820 2968 B.
840 2919 955 2985 scriptor.
990 2919 1062 2968 corvi
1078 2921 1151 2972 codd
1248 2922 1375 2985 mutavit]

262 2989 353 3040 GHac.
398 2997 504 3039 mutata
523 2989 570 3040 Fb.
736 2986 832 3053 Siculr]
850 2991 940 3056 scripsi
955 2989 1078 3042 suadente
1096 2990 1243 3058 Spengelio.
1280 2989 1376 3042 Siculis
1406 3009 1415 3021 ·

261 3059 335 3109 codd.
472 3057 676 3123 tulerunIJHG.
712 3057 832 3108 tulerant
850 3059 889 3110 bc.
926 3059 1010 3110 tulere
1025 3061 1055 3113 F.
1074 3077 1124 3112 om.
1142 3078 1165 3112 a.
1237 3061 1280 3113 Cf.-
1294 3063 1375 3114 Varro

260 3129 322 3180 Rer.
338 3129 449 3180 Divinar.
464 3146 503 3196 ap.
519 3131 586 3180 Gell.
599 3130 620 3194 l,
639 3135 680 3180 18.
712 3130 773 3180 Non
786 3128 854 3178 enim
871 3129 980 3198 leporem
998 3130 1122 3187 dicimus,
1141 3140 1173 3180 ut
1191 3132 1232 3181 ait
1251 3131 1375 3198 (Aelius),

261 3197 331 3266 quod
347 3205 388 3246 cst
413 3197 525 3263 levipes:
552 3199 599 3248 sed
624 3199 694 3268 quod
716 3209 758 3250 est
781 3198 937 3250 vocobulum
961 3203 1102 3271 antiquum
1120 3203 1255 3253 Graecum.
1291 3203 1328 3254 Et
1345 3205 1375 3254 de
1410 3195 1415 3208 ⁸

260 3269 293 3320 R.
311 3269 345 3320 R.
363 3268 416 3331 lll‚
435 3273 476 3319 12.
509 3271 542 3322 L.
560 3269 655 3320 Aelius
674 3267 793 3338 putabat
817 3268 850 3320 ab
868 3289 897 3322 eo
916 3270 1015 3322 dictum
1035 3271 1161 3339 leporem,
1186 3272 1258 3342 qnod
1280 3272 1375 3342 levipes

259 3349 341 3388 esset:
365 3356 412 3406 ego
431 3337 546 3389 arbitror
563 3356 581 3388 a
599 3343 697 3390 Graeco
712 3340 837 3392 vocabulo
854 3342 980 3414 antiquo,
999 3341 1145 3412 quodcum
1162 3341 1254 3395 Aeolis
1273 3343 1375 3397 Boeotii

259 3410 399 3478 λέῑνορνν
416 3407 596 3478 appellabant·

369 3501 439 3566 102.
456 3516 600 3580 Proxuma]
618 3517 714 3583 scripsi.
747 3517 864 3586 proxime
882 3519 991 3570 Victorii
1009 3518 1072 3571 Mss.
1105 3521 1227 3590 proximo
1245 3540 1284 3573 me
1304 3523 1371 3575 Tur·

259 3587 317 3638 nebi
336 3587 393 3640 cod.
434 3605 565 3656 proxuma
582 3587 617 3639 H.
655 3588 777 3658 proxima
801 3594 861 3640 cett.
909 3589 948 3640 Cf.
967 3588 1032 3652 Vll,
1049 3595 1074 3641 ³.
1103 3591 1175 3662 quod
1198 3593 1372 3644 intervallum

259 3657 343 3707 multo
361 3667 438 3715 tanto
452 3658 562 3727 propius
580 3677 635 3714 nos.
781 3659 867 3709 Pinus
885 3659 969 3722 ...·]
987 3659 1117 3714 Lacunam
1136 3679 1151 3714 ο
1169 3663 1243 3716 codd.
1262 3681 1314 3717 non
1333 3666 1372 3716 iu-

258 3727 367 3780 dicatam
385 3731 482 3780 notovit
499 3731 619 3798 Spengel.

369 3819 440 3884 103.
462 3833 583 3898 ortis].G.
602 3842 631 3887 nt
650 3850 691 3900 vg.
728 3832 812 3885 hortis
830 3841 890 3888 cett.
910 3836 984 3889 codd.
1139 3839 1217 3904 ruta]
1235 3847 1295 3909 post
1313 3839 1337 3893 h.
1350 3857 1372 3894 r.

257 3907 283 3956 in
301 3905 335 3958 H.
354 3906 409 3957 solo
428 3906 515 3955 lacuna
534 3912 580 3958 est.
733 3899 854 3972 πήγανον]
872 3908 1051 3960 ΠΕΓΑΝΟΝ
1063 3907 1094 3958 Β.
1119 3909 1208 3962 lacuna
1225 3913 1251 3962 in
1269 3913 1373 3975 arluc,

165 3989 172 4000 ·
257 3976 343 4028 sedin
363 3977 396 4028 H.
415 3981 474 4043 post
490 3990 513 4026 v.
532 3973 679 4042 appellant.
711 3969 809 4033 Ἰόλαος
826 3980 851 4026 ἐν
867 3979 905 4043 τῷ
923 3983 980 4047 περὶ
1003 3979 1247 4048 Πελοποννησιακῶν
1268 3977 1372 4040 πόλεων,

257 4041 287 4094 νδ
306 4043 416 4114 πήγανον
434 4039 482 4095 dmi
500 4045 708 4113 Πελοποννησίων
727 4043 828 4114 ῥυτήν
846 4049 982 4100 καλεῖσθαί
1000 4067 1068 4118 φησι.
1088 4050 1175 4103 Scltol·
1191 4053 1298 4104 Nicaud.
1311 4057 1371 4104 521.

256 4134 281 4184 p.
292 4121 334 4168 86.
352 4117 498 4170 Schneider.
529 4117 690 4168 Dioscorides
708 4117 754 4181 lll,
768 4121 810 4168 45.
828 4137 852 4185 p.
861 4124 921 4178 391.
941 4123 1050 4188 Sprong.
1067 4119 1210 4187 Hesychius
1228 4140 1248 4175 s.
1259 4140 1283 4174 r.
1294 4119 1370 4190 ῥυτά.

185 4191 188 4203 '
256 4187 373 4253 ropum']
390 4189 454 4238 coni.
491 4186 571 4236 radix
589 4188 663 4239 codd.
699 4187 753 4240 Sed
770 4183 843 4256 ῥάδνξ
856 4191 957 4242 Graece
973 4190 1033 4242 nihil
1051 4191 1177 4256 significat
1194 4194 1242 4245 nisi
1257 4195 1373 4261 virgam

255 4254 336 4327 ῥάκος
354 4264 438 4310 autem
456 4257 523 4308 idem
542 4255 596 4309 iere
614 4259 691 4327 fnisse
709 4258 777 4326 quod
800 4256 882 4330 ῥάφυς
907 4267 933 4314 et
950 4257 1061 4330 ῥάφανος
1080 4263 1163 4318 lorica
1181 4263 1282 4318 docent.
1320 4266 1372 4318 lta-
1430 4303 1431 4306 η
