2874 4804
448 221 500 322 ·§·
528 235 579 306 34
601 260 646 279 «-
670 236 733 302 41·
1084 219 1168 298 249

39 435 96 482 eas
126 407 216 481 duas
238 433 294 482 res
320 408 447 484 alterae
471 365 570 478 duae'
584 403 730 480 collatae
754 417 858 499 sunt,
888 431 976 503 quae
1000 347 1168 481 lationem

38 509 189 583 habeant
218 510 383 602 eandem,
423 505 518 606 quod
550 531 589 580 ea
620 506 728 580 verba
752 505 834 582 bina
859 505 989 580 habeut
1020 509 1166 584 eundem
1178 532 1231 603 Q

39 611 178 707 λόγον,
215 611 342 684 dicitu'r
371 620 558 706 utrumque
590 612 773 709 separatim
812 606 1028 704 deciduum
1064 611 1167 684 simul

39 715 162 788 collata
182 726 330 812 quatuor
349 711 573 810 analogia.
689 709 758 783 58.
789 711 881 806 Nam
903 714 999 784 utin
1020 713 1167 809 geminis

38 843 144 914 quom
177 814 289 888 simile
325 815 474 887 dicimus
509 837 585 885 esse
616 810 885 886 Menaechmum
918 812 1164 902 Menaechmo,

37 919 78 992 de
108 945 183 990 uno
217 919 387 1011 dicimus3
425 941 506 990 cum
540 913 799 989 similitudinem
832 942 907 988 esse
938 917 976 987 in
1006 915 1085 1007 his,
1122 915 1166 988 dc

35 1032 204 1118 utroque:
243 1021 295 1091 sic
327 1044 433 1116 quom
466 1015 633 1106 dicimus,
669 1016 813 1090 eandem
838 1019 1006 1094 rationem
1037 1015 1166 1090 habere

36 1147 148 1194 assem
175 1120 220 1192 ad
254 1123 450 1212 semissem,
487 1143 591 1215 quam
617 1117 721 1190 habet
745 1119 782 1188 iu
808 1130 951 1217 argento
975 1117 1092 1192 libella
1117 1117 1166 1190 ad

36 1222 258 1315 sembellam,
292 1220 377 1320 quid
399 1223 445 1292 sit
468 1218 641 1318 analogon
660 1219 879 1292 'ostendimus
891 1248 902 1315 3
939 1245 1047 1316 quom
1070 1229 1165 1292 utro·

35 1322 140 1421 bique
174 1324 323 1396 dicimus
356 1332 390 1394 et
422 1323 459 1393 in
488 1346 567 1394 aere
599 1331 636 1393 et
668 1323 705 1392 iu
740 1333 886 1420 argento
918 1347 993 1394 esse
1021 1320 1165 1393 eandem

33 1428 222 1518 rationem,
249 1437 323 1496 tum
346 1423 494 1496 dicimus
513 1422 557 1496 de
578 1423 748 1521 analogia.
871 1419 939 1494 59.
968 1423 1019 1496 Ut
1043 1421 1242 1504 seda-1³4)

33 1525 92 1598 lis
125 1538 162 1599 ct
194 1524 437 1616 sodalitas,
478 1526 592 1598 ciris
625 1521 660 1596 et'
684 1525 850 1595 civitas
883 1550 954 1595 uon
979 1535 1032 1596 est
1056 1523 1161 1614 idem,

33 1627 92 1700 sed
118 1639 309 1726 utrumque
338 1625 381 1698 ab
412 1625 533 1698 eodem
566 1649 607 1698 ac
631 1627 874 1698 coniunctum:
915 1627 966 1697 sic
992 1624 1225 1724 analogonssg

32 1741 63 1802 et
88 1728 252 1827 analogia
284 1727 376 1800 idem
403 1738 569 1819 nonest,
606 1726 773 1800 seditem
799 1740 851 1800 est
877 1736 1161 1825 congeneratum.
1249 1719 1250 1724 ’

32 1830 154 1921 Quare
179 1832 210 1902 si
234 1829 391 1902 homines
416 1828 620 1920 sustuleris,
655 1827 783 1901 sodalis
810 1829 990 1903 sustuleris
1001 1856 1013 1923 3
1053 1829 1083 1900 si
1105 1853 1161 1901 so·
1169 1843 1221 1894 170

33 1932 136 2025 dalis,
163 1930 392 2004 sodalitatem.
445 1929 509 2005 Sic
530 1933 614 2003 item
637 1931 668 2000 si
690 1929 871 2004 sustuleris
895 1925 1022 2026 ttoni,
1049 1940 1165 2001 sustu·

33 2033 112 2106 lenis
139 2033 312 2132 analogon
324 2059 336 2127 3
373 2033 404 2104 si
428 2032 500 2125 id,‘
514 2031 711 2129 analogian.
851 2029 920 2104 40.
957 2032 1060 2123 Quae
1084 2054 1165 2102 oum

35 2135 123 2208 inter
149 2161 188 2208 se
213 2145 308 2208 tauta
330 2135 399 2205 siut
420 2122 639 2232 cognatione,
671 2131 815 2207 debebis
830 2133 1003 2207 subtilius
1026 2132 1160 2222 audire,
1212 2159 1217 2170 ·

37 2261 139 2332 quam
165 2237 235 2309 dici
261 2245 482 2332 exspectare,
510 2236 547 2307 id
570 2245 624 2307 est
650 2259 730 2305 cum
752 2235 871 2308 dixero
897 2235 1046 2334 quidde
1068 2245 1165 2334 utro·
1248 2320 1254 2337 Ι

37 2363 119 2434 que,
145 2337 273 2412 eterit
299 2362 501 2428 commuue,
530 2361 572 2407 ue
595 2345 794 2430 exspectes,
823 2336 906 2407 dum
932 2362 997 2434 ego
1021 2337 1058 2406 in
1078 2337 1166 2407 scri-

37 2436 149 2514 bendo
186 2437 396 2512 transferam
424 2438 463 2508 iu
496 2437 687 2534 reliquom,
723 2436 784 2508 sed
811 2447 849 2508 ut
873 2439 989 2534 potius
1021 2447 1061 2507 tu
1086 2461 1164 2530 pcr-

37 2565 181 2638 sequarc
212 2541 342 2614 animo.
509 2535 575 2611 dl.
614 2537 717 2610 Haec
750 2538 839 2609 liunt
870 2542 907 2610 in
941 2535 1165 2610 dissimilibus

35 2641 158 2732 rebus,
188 2655 229 2715 ut
251 2646 288 2715 iu
315 2643 487 2734 numeris,
513 2644 544 2712 si
570 2639 759 2713 contuleris
786 2666 865 2712 eum
889 2667 960 2714 uno
988 2639 1078 2731 duo,
1113 2640 1165 2710 sic

36 2767 112 2815 cum
140 2744 262 2818 decem
287 2745 431 2842 viginti3
465 2769 545 2814 nam
571 2767 676 2841 quam
699 2744 867 2816 rationem
892 2744 962 2817 duo
987 2742 1032 2814 ad
1057 2769 1166 2813 unum

36 2841 182 2939 babent,
220 2847 364 2919 eandem
389 2845 519 2918 babent
554 2841 675 2944 viginti
701 2845 746 2916 ad
771 2845 912 2918 decem:
951 2847 988 2917 in
1014 2843 1225 2941 nummisms

41 2949 209 3022 similiter*
236 2950 288 3020 sic
313 2946 435 3022 estad
467 2973 575 3018 unum
605 2948 824 3020 victoriatum
850 2947 1032 3040 denarius,
1072 2947 1166 3016 sicut

25 3111 76 3214 ⁸vg.
110 3159 248 3206 uocantur
266 3151 341 3204 codd.
365 3151 413 3204 sed
432 3151 464 3203 de
482 3166 505 3203 a.
524 3148 585 3202 nihil
603 3149 727 3203 traditum
745 3156 793 3202 est.
893 3149 1020 3214 collatae]
1038 3151 1073 3203 G.
1110 3147 1165 3200 col-

37 3217 89 3304 late
106 3240 130 3277 a.
170 3222 274 3274 allatae
292 3223 323 3276 F.
358 3224 399 3275 De
418 3223 452 3274 H.
470 3239 522 3276 non
540 3227 650 3275 constat.
739 3219 880 3294 anologio]
899 3225 933 3277 G.
969 3221 1088 3292 analoga
1105 3219 1164 3274 ΕΗ.

38 3293 145 3359 cauleyo
164 3310 225 3347 num
243 3293 393 3361 hohesta,
418 3294 515 3346 dubito¹
554 3293 595 3345 (ll.
613 3295 693 3358 §.ab

145 3392 199 3458 38.
227 3409 439 3476 similitudinem]
459 3425 502 3476 vg.
538 3405 714 3460 similitudine
732 3407 807 3462 codd.
949 3407 1072 3480 argento]
1090 3405 1163 3460 Pius.

38 3490 192 3548 ergumento
211 3482 286 3535 codd.
400 3479 560 3547 cembellum]
578 3498 622 3548 vg.
658 3480 794 3550 singulam
811 3479 886 3533 codd.
958 3479 1022 3530 'in
1039 3479 1164 3548 argento]

41 3546 85 3628 Ga.
120 3551 149 3601 in
168 3553 291 3606 om..FH.
387 3553 542 3620 tum]FGa.
580 3569 639 3604 cum
652 3552 687 3604 H.
705 3557 734 3604 ut
749 3568 791 3619 vg.
828 3553 911 3604 Simul
929 3551 1049 3604 membris
1067 3551 1164 3604 rectius

41 3616 161 3675 distinctis
180 3623 252 3691 (nam
271 3623 431 3691 aptioribus
449 3630 509 3675 ante
530 3625 593 3673 Cum
618 3625 693 3692 plene
718 3622 977 3692 interpungebatur),
1004 3637 1080 3675 verus
1098 3638 1159 3675 sen-

39 3703 80 3740 sus
96 3695 176 3760 exiit,
202 3695 246 3763 qui
263 3696 372 3748 vertitur
393 3697 421 3748 iu
439 3693 615 3748 discernendis
632 3697 742 3761 analogo
761 3700 787 3747 et
805 3695 948 3759 analogia·

38 3869 110 3946 logon
127 3795 195 3936 0033
228 3812 276 3880 Ut]
295 3811 370 3866 Haeo
387 3810 496 3865 antebac
513 3811 688 3880 superioribus
706 3809 926 3864 continuabantur.
1015 3803 1107 3874 fto'yoo]
1121 3823 1163 3874 vg.

77 4056 83 4069 ἱ
144 3973 195 4039 110.
221 3989 327 4058 audire]
345 3990 429 4044 FGH.
455 3989 527 4056 (nam
546 3991 579 4043 de
596 4007 622 4043 s.
646 3991 805 4042 incentores
823 3987 886 4054 est).
922 3983 1014 4037 audiri
1032 4002 1088 4052 vg„
1113 4001 1163 4052 qua

39 4063 158 4122 scriptura
176 4061 303 4114 sententia
320 4062 500 4130 corrumpitur.
614 4078 761 4125 commune,
779 4061 823 4126 ne]
846 4059 992 4126 Scioppius.
1028 4071 1162 4108 commune

40 4125 107 4179 ⁰⁰dd.
133 4133 179 4182 nisi
197 4133 265 4184 torte
283 4149 308 4185 a.
331 4135 395 4185 illud
412 4132 497 4184 babet.
612 4132 750 4203 reliquom]
770 4131 901 4202 reliquum
919 4128 995 4182 codd.

52 4305 54 4312 ,
145 4230 195 4295 41.
220 4246 269 4312 uc]
283 4247 314 4299 r.
343 4248 454 4302 sicui.
540 4249 632 4318 qaam]
647 4247 745 4300 addidit
762 4249 834 4302 Pius.
861 4261 911 4298 om.
927 4244 1001 4298 cord.
1086 4243 1161 4294 arms·
1245 4221 1246 4228 ’

38 4303 116 4375 lune]
134 4318 198 4370 coni.
236 4317 264 4369 iu
282 4317 412 4377 similibus
431 4319 505 4374 codd.
621 4319 703 4384 sicut]
722 4337 763 4387 vg.
801 4319 825 4371 si
842 4317 916 4372 codd.
1024 4313 1066 4380 eo]
1085 4313 1158 4368 codd.
