2864 4814
429 239 467 340 5·
500 253 575 326 174
595 281 646 296 --
670 254 757 334 179·
1112 241 1166 318 aa

42 455 109 504 ease
140 427 295 521 multae,
334 437 369 500 et
403 427 497 526 quod
529 428 620 501 ‘olim
652 455 762 500 unum
795 427 956 502 dicebant
994 433 1228 528 multam51rr
1289 484 1292 492 ,

42 535 148 628 itaque
171 557 277 630 quom
297 530 335 600 in
353 529 485 602 dolium
505 543 565 604 arat
585 530 722 604 culeum
740 533 860 604 vinum
877 530 1010 606 addunt
1028 537 1163 632 rustici,
1179 527 1224 538 '⁸'

42 635 179 730 primam
221 657 345 704 urnam
380 631 533 704 additam
572 633 696 706 dicunt
731 636 835 706 etiam
873 659 968 705 nunc
1006 636 1164 710 multam.

43 735 194 806 Poena
218 759 239 805 a
264 733 459 830 poeniendo
483 745 543 806 aut
568 734 663 837 quod
684 745 764 832 post
787 748 969 834 peccatum
995 740 1163 835 sequitur.

42 836 198 907 Pretio
206 863 245 906 m·
270 835 364 932 quod
390 838 573 933 emptionis
597 839 884 911 aestimationisve
910 864 1014 911 causa
1040 841 1166 912 consti·

42 939 161 1028 luitur,
200 937 331 1010 dictum
358 940 544 1036 aperitis,
584 939 679 1037 quod
710 938 749 1010 bi
779 938 844 1010 soli
872 952 1019 1036 possunt
1049 940 1165 1014 facere

42 1049 126 1110 recte
150 1037 200 1110 id.
318 1034 412 1110 178.
446 1038 487 1114 Si
512 1040 597 1139 quid
623 1040 740 1112 datum
758 1066 823 1138 pro
839 1066 943 1136 opera
966 1053 1026 1114 aut
1045 1068 1163 1140 opere,
1174 1069 1210 1118 49

41 1165 205 1212 merces
238 1165 259 1211 a
288 1139 465 1214 merendo.
529 1141 636 1233 Quod
661 1168 768 1212 manu
794 1142 924 1214 sactum
950 1154 1024 1216 erat
1044 1158 1078 1215 et
1104 1146 1240 1234 dra-(42)

41 1251 106 1311 tum
142 1267 208 1340 pro
241 1267 306 1334 eo,
348 1245 694 1338 manupretium
726 1269 748 1314 a
779 1241 938 1314 manibus
972 1255 1006 1315 et
1039 1248 1162 1340 pretio.

42 1339 340 1416 Corollarium
369 1345 400 1415 si
423 1342 580 1415 additum
605 1356 870 1442 praeterquam
896 1344 991 1440 quod
1012 1344 1230 1444 debitumr—aq

42 1445 129 1539 cius3
171 1443 400 1538 vocabulum⁴
424 1445 545 1518 fictum
576 1473 597 1516 a
628 1447 789 1545 corollis,
837 1445 932 1543 quod
963 1472 1045 1539 eae,
1089 1473 1170 1520 cum

41 1545 238 1640 placuerant
260 1558 411 1640 actores,
444 1549 481 1622 in
504 1573 608 1619 scena
635 1548 711 1619 dari
737 1547 870 1619 solitae.
924 1547 1095 1620 Praeda
1117 1561 1169 1622 cst

42 1645 77 1716 ab
101 1647 261 1720 hostibus
285 1658 399 1746 capta,
427 1649 522 1746 quod
546 1675 652 1720 manu
674 1661 786 1750 partae
810 1661 849 1720 ut
865 1649 999 1746 panida,
1024 1650 1166 1749 praeda.

42 1747 297 1822 Praemium
331 1775 353 1822 a
385 1749 535 1847 praeda,
585 1749 680 1849 quod
714 1750 759 1824 ob
793 1763 886 1822 recte
918 1751 1004 1847 quid
1037 1752 1168 1824 factum

43 1874 255 1924 concessum.
397 1846 491 1922 179.
532 1851 575 1924 si
600 1852 720 1924 datum
746 1851 840 1950 quod
865 1851 1052 1945 reddatur,
1086 1882 1168 1925 mu·

43 1963 174 2045 tuum,
215 1950 310 2049 quod
345 1951 458 2025 Siculi
486 1958 640 2048 ·μοῖτον;
678 1956 793 2054 itaque
827 1952 947 2025 scribit
980 1953 1164 2053 Sophron:
1226 2031 1230 2038 ,

43 2060 156 2146 coiret
189 2049 403 2150 advildncob
471 2055 522 2127 Et
555 2083 732 2150 munus,
770 2055 866 2153 quod
899 2067 1019 2129 mutuo
1052 2059 1167 2130 animo

43 2159 200 2252 quisunt
226 2155 310 2228 dant
334 2155 440 2230 officii
466 2181 583 2232 causa.
651 2154 814 2232 Alterum
851 2184 1032 2252 munus,
1071 2159 1166 2258 quod

45 2377 115 2427 suasit
131 2373 389 2442 Goescltenius‚
415 2382 443 2428 et
460 2377 578 2428 similiter
593 2377 759 2428 Blamius.
803 2374 957 2444 appellatae
975 2391 1031 2426 esse
1050 2374 1115 2439 (trae
1133 2379 1168 2427 G.

45 2461 83 2494 me
99 2464 121 2499 a.
150 2457 178 2498 et
197 2447 237 2513 b.)
250 2447 325 2500 codd.
397 2449 438 2500 Ad
457 2449 541 2499 locum
559 2448 738 2516 explicandum
757 2463 821 2498 uirus
839 2445 997 2498 adhibendus
1015 2446 1171 2499 Niebuhrius

44 2513 72 2567 R.
80 2517 112 2569 H.
126 2519 160 2570 T.
171 2519 207 2570 ΙΙ.
227 2522 389 2586 p.341sqq.‚
407 2535 423 2570 a
441 2535 493 2585 quo
511 2519 648 2584 docemur,
666 2509 772 2570 multain
790 2536 805 2571 a
823 2517 975 2582 magistratu
992 2517 1098 2582 singulis
1115 2517 1171 2568 die-

44 2587 150 2641 busana
169 2606 219 2641 ove
237 2606 320 2641 unove
338 2590 405 2642 bove
423 2589 513 2656 augeri
537 2593 653 2656 potuisse
670 2589 686 2641 a'
704 2591 806 2642 minima
823 2589 897 2653 iude,
927 2605 992 2656 quac
1017 2593 1074 2639 crat
1096 2590 1171 2658 unius

44 2660 105 2725 ovis,
129 2661 162 2712 ad
188 2676 350 2728 supremam,
375 2662 482 2714 duarum
501 2663 586 2714 ouium
610 2663 716 2727 triginta
740 2662 825 2713 boum.
867 2661 950 2727 quue
968 2660 1120 2724 intelligitur
1137 2677 1171 2712 ex

44 2731 122 2784 Gellio
138 2732 196 2795 XI,
215 2737 256 2796 1.‚
282 2749 427 2799 quanquam
445 2735 502 2802 ipso
520 2750 587 2799 quae
606 2735 706 2800 legerat
723 2749 774 2784 non
793 2733 961 2797 intelligente.
997 2732 1085 2785 Verba
1102 2733 1172 2798 legi-

44 2801 111 2867 tima,
136 2803 231 2869 quibus
249 2805 353 2856 minima
375 2807 455 2856 multa
473 2805 618 2869 diceretur,
643 2821 660 2855 a
677 2805 793 2857 Varrone
810 2807 848 2855 ita
865 2809 991 2871 concepta
1010 2798 1170 2856 reserunturz

45 2872 78 2922 M·
96 2874 231 2930 Terentio,
260 2875 368 2944 quondo
386 2876 488 2926 citatas
511 2893 595 2945 neque
618 2875 752 2942 respoudit
776 2893 860 2945 nepae
878 2883 1024 2925 excusatus
1042 2882 1099 2930 eat,
1123 2891 1171 2942 ego

44 2941 64 2989 ei
84 2963 163 2994 unum
188 2962 262 2996 ovem
288 2945 415 2996 mulctam
440 2946 505 2998 dico.
552 2948 672 2998 Ceterum
693 2946 725 2997 de
744 2948 844 3011 origine
867 2946 986 2997 vocabuli
1003 2945 1087 2996 minus
1110 2944 1171 2996 fidei

45 3015 199 3067 tribuendum
216 3017 327 3069 Varroni
344 3017 377 3069 de
401 3020 488 3082 lingua
506 3017 602 3068 Latina
620 3017 758 3081 scribenti,
782 3033 858 3083 quam
877 3018 976 3068 Rerum
994 3015 1170 3066 Humanamm

46 3083 59 3133 Ι.
74 3086 142 3139 XXI.
161 3089 279 3152 auctori,
297 3089 343 3154 qui
361 3091 506 3140 Samnitum
522 3089 549 3139 id
567 3103 625 3140 asse
642 3088 796 3141 vocabulum
814 3088 909 3149 docuit,
928 3093 957 3138 ut
974 3092 1038 3154 puto
1054 3101 1088 3136 ex
1100 3086 1169 3136 Osca

45 3153 121 3222 lingna
132 3165 301 3227 assumptum.
324 3160 356 3212 V.
366 3161 465 3212 Rerum
480 3160 660 3216 Etruscarum,
679 3158 775 3211 lntrod.
788 3163 811 3223 1,
826 3162 868 3208 11.
884 3176 908 3225 p.
916 3161 959 3210 42.
1056 3156 1168 3221 multae]

46 3241 81 3291 lg.
115 3230 231 3281 mulctae
249 3231 280 3283 F.
317 3232 418 3282 maltos
436 3231 505 3282 Hab.
625 3229 664 3297 et]
683 3231 749 3282 coni.
768 3229 862 3280 addidi.
976 3228 1070 3292 unum]
1090 3227 1169 3276 addi-

46 3305 96 3346 tam
112 3319 196 3352 unam
212 3303 280 3354 coni.
299 3301 549 3355 Goeschenius.
688 3301 811 3368 multam]
829 3299 921 3367 scripsi
936 3300 1060 3352 suadente
1077 3297 1169 3351 eodem

47 3367 73 3418 V.
85 3371 114 3424 D.
149 3371 267 3424 mulctae
286 3373 317 3424 F.
354 3372 455 3423 multae
473 3373 524 3424 Ha.
560 3368 649 3422 multa
666 3373 700 3424 G.
737 3372 816 3422 multi
832 3373 858 3426 b.
989 3371 1029 3436 in]
1048 3385 1090 3435 vg.
1115 3384 1167 3421 om.

47 3439 111 3494 codd.
233 3443 358 3511 multam]
376 3443 476 3497 addidit
493 3443 558 3496 eod.
571 3443 603 3495 Β.
622 3445 740 3512 scriptor.
777 3442 865 3494 multa
882 3457 925 3508 vg.
951 3457 1001 3494 om.
1021 3440 1095 3494 codd.

149 3557 222 3624 178.
247 3588 344 3622 merces
361 3586 379 3618 a
397 3567 528 3632 serenda]
546 3567 618 3622 Idem
636 3571 829 3639 supradixerat
846 3570 925 3634 §.aa
1037 3565 1109 3632 eiua]
1126 3577 1168 3620 est

47 3638 182 3712 Scioppius.
224 3643 292 3695 lllud
315 3641 410 3693 retinui
435 3647 463 3692 et
487 3641 576 3692 rettuli
600 3641 632 3692 ad
650 3644 855 3711 manupretium,
877 3639 919 3690 cui
938 3636 1038 3689 aceedit
1056 3641 1168 3691 corolla-

48 3711 112 3768 ¹5¹¹¹¹¹·
223 3713 345 3776 Praeda]
363 3712 396 3764 cs·
410 3711 534 3779 Apuleius
552 3711 586 3762 de
603 3711 768 3781 diphthongis
785 3717 829 3764 22.
846 3729 872 3778 p.
881 3712 941 3761 141.
958 3709 1069 3762 Osanna
1087 3712 1168 3762 Mar-

48 3797 87 3833 cus
102 3803 163 3838 vera
183 3784 323 3838 Terentius
340 3780 433 3833 cambit
446 3783 577 3852 praedam
595 3799 614 3832 a
626 3783 758 3852 pariendo
773 3783 887 3848 dictam,
905 3779 985 3850 quasi
998 3779 1129 3849 potitam.

151 3898 223 3965 179.
250 3910 352 3976 potam]
371 3926 413 3976 vg.
455 3919 542 3962 meran
559 3910 592 3966 F.
633 3915 740 3958 marton
757 3907 791 3958 G.
833 3915 939 3956 macron
954 3905 989 3958 Η.
1026 3915 1129 3958 morton
1144 3924 1168 3960 a.

50 3997 126 4032 mecon
138 3983 164 4036 b.
277 3994 367 4044 μοῑτον
382 3976 495 4042 alvaldum
502 3982 533 4048 †]
552 3989 639 4032 melon
651 3977 779 4046 anthymo
793 3977 823 4029 F.
860 3986 974 4027 mactum
992 3977 1115 4029 anthimo
1132 3979 1167 4031 G.

50 4062 153 4104 mactum
170 4054 290 4111 anthimo
308 4053 344 4109 H.
389 4061 492 4105 morton
515 4053 636 4102 anthimo
661 4066 685 4102 a.
735 4048 841 4099 methora
863 4047 988 4098 anchinio
1013 4049 1038 4103 b.
1092 4051 1170 4118 Apud

49 4121 205 4189 Hesychium‘
214 4126 247 4179 T.
254 4127 288 4194 11.
306 4145 332 4195 p.
342 4129 404 4178 613.
424 4123 464 4176 ed.
484 4124 580 4176 alberti
598 4123 725 4190 παροιμία
741 4121 853 4170 Σικελῶν
871 4120 950 4170 luisse
967 4119 1062 4173 dicitur
1080 4117 1171 4180 natale

51 4193 147 4254 inan..
200 4198 237 4250 Et
261 4194 395 4262 Hesycbio
419 4201 447 4248 at
465 4189 574 4247 Varroiri
598 4195 666 4245 iltius
689 4193 844 4260 interpretes
866 4190 1026 4243 reddendum
1051 4193 1171 4244 arbitrati

50 4273 102 4318 suut
117 4281 204 4328 μοττον
221 4266 399 4329 ἐντὶμοίτου,
417 4266 488 4332 quod
505 4281 556 4318 non
574 4265 737 4331 displiceret,
763 4264 785 4315 si
802 4263 936 4331 probabile
954 4267 1038 4326 esset,
1065 4279 1124 4315 casu
1145 4263 1170 4314 iu
1215 4317 1218 4328 ,

51 4341 149 4406 utroque
166 4343 292 4412 scriptore
308 4339 359 4395 boc
375 4340 472 4393 dictum
486 4337 574 4390 ultima
586 4336 686 4403 syllaba
702 4341 847 4388 truncatum
863 4351 928 4388 esse.
947 4335 1068 4399 Scaliger
1080 4343 1172 4394 μοῑτον
