2866 4812
456 276 737 379 §·33-36·.
1096 281 1176 358 179

50 461 135 537 libus
159 461 338 537 dissimilia
363 461 513 538 debeant
534 463 645 565 fingi,
682 467 778 565 quod
800 485 872 542 non
897 469 957 543 lit:
994 496 1075 545 nam
1097 473 1134 548 el
1155 501 1176 546 a

49 563 213 654 similibus
238 564 305 638 alia
327 565 419 638 liunt
444 564 589 660 similia,
619 568 686 641 alia
709 568 889 642 dissimilia
901 598 913 668 3
951 585 986 645 et
1003 572 1053 645 “ab
1076 575 1176 648 dissi-

48 666 180 740 milibus
204 669 330 766 partim
353 667 502 761 similia,
528 670 653 766 partim
676 669 868 744 dissimilia.
922 669 984 746 Ab
1004 674 1178 749 similibus

46 769 185 860 similia,
232 783 272 842 ut
304 767 476 847 abo-no
511 782 546 843 et
581 771 722 865 malo,
769 772 955 868 bonum,
998 777 1175 850 malum.

47 867 272 949 Asimilibus
297 872 495 964 dissimilia,
532 883 572 945 ut
594 871 639 945 ab
663 869 820 973 lupus,
858 874 1011 974 lepus,
1050 879 1176 978 lupo,

45 972 200 1070 lepori.
261 971 393 1048 Contra
418 972 463 1045 ab
490 973 714 1047 dissimilibus
748 975 947 1072 dissimilia,
985 988 1025 1052 ut
1048 980 1177 1053 Pria·
1265 1038 1270 1044 .

45 1101 162 1167 mus,
205 1075 361 1148 Paris:
405 1075 612 1168 Priamo,
653 1077 777 1149 Pari.
852 1075 914 1150 Ab
951 1078 1177 1154 dissimilibus

44 1176 188 1268 similia,
224 1189 264 1249 ut
288 1177 516 1276 Iuppiter,
551 1179 667 1272 ovis,
696 1179 873 1272 etlovi,
903 1181 987 1253 ovi.
1106 1181 1242 1282 554¹}

44 1276 96 1349 Eo
128 1280 231 1350 etiam
262 1281 374 1377 magis
402 1274 650 1376 ιοίναλογικῶς
683 1280 913 1354 *non'solum
940 1307 960 1353 a
988 1281 1176 1369 similibus*

44 1377 220 1451 dissimilia
244 1378 449 1480 finguntur,
483 1380 546 1454 sed
570 1384 673 1454 etiam
696 1381 740 1454 ab
766 1382 875 1456 isdem
900 1381 1081 1456 vocabulis
1108 1385 1178 1458 dis·

45 1479 193 1574 similia3
229 1507 341 1579 neque
366 1508 387 1554 a
411 1480 637 1555 dissimilibus
663 1483 808 1577 similia,
844 1483 906 1556 sed
932 1485 1034 1558 etiam
1058 1486 1179 1560 eadem

43 1579 83 1651 ab
106 1581 348 1655 dissimilibus*
368 1582 549 1656 vocabulis
571 1583 657 1683 fingi
677 1596 842 1683 apparet,
870 1587 965 1685 qnod
989 1613 1068 1658 enm
1091 1587 1179 1660 duae

44 1683 109 1777 sint
135 1681 274 1778 Albae,
312 1683 356 1756 ab
382 1710 451 1757 una
479 1684 643 1757 dicuntur
664 1683 857 1778 Albani,
899 1686 943 1759 ab
970 1688 1079 1760 altera
1103 1686 1179 1761 Al-

42 1781 230 1878 benses,
269 1811 375 1884 φιοω
408 1788 519 1870 trinae
550 1785 680 1859 fuerint
709 1783 894 1882 Athenae,
930 1789 974 1862 ab
999 1816 1069 1860 una
1095 1789 1180 1864 dicti

43 1880 291 1977 Athenaei,
333 1885 377 1960 ab
409 1887 515 1960 altera
548 1883 827 1980 Athenaeis,
861 1915 882 1961 a
911 1893 1011 1964 tertia
1042 1887 1180 1965 Athe·

43 1987 347 2083 naeopolitae.
371 1979 400 2032 ⁸·
490 1985 559 2061 56.
604 1988 667 2062 sic
693 2016 737 2063 ex
762 1989 906 2064 diversis
932 1990 1046 2065 verbis
1070 1992 1179 2066 multa

44 2087 131 2160 saeta
159 2090 196 2159 in
223 2087 430 2168 declinando
461 2091 685 2182 inveniuntur
716 2090 858 2167 eadem:
897 2104 937 2167 ut
967 2119 1073 2192 quom
1099 2095 1179 2170 dico

44 2187 81 2260 ab
112 2189 261 2276 Saturni
291 2192 371 2262 Lua
403 2192 567 2283 Luam,
600 2191 720 2266 et*ab
741 2187 827 2286 luo,
862 2193 993 2268 luam.
1049 2194 1179 2270 Omnia

44 2291 111 2364 lere
155 2301 274 2366 nostra
310 2293 452 2367 nomina
485 2290 613 2366 virilia*
647 2305 682 2369 et
714 2294 895 2368 muliebria
931 2297 1243 2396 multitudinis&

44 2495 210 2562 spengsrrus.
247 2494 441 2549 absimilibus
459 2497 550 2564 coda,
565 2496 623 2552 seu
640 2497 674 2552 ce
689 2469 715 2552 ἰ,
732 2495 796 2552 nitu
814 2501 922 2556 relatum
941 2496 989 2552 est.
1103 2508 1131 2550 es
1150 2501 1179 2568 a]
1210 2515 1213 2520 ·

44 2581 81 2630 ig.
119 2576 149 2618 et
167 2567 260 2635 codd,
285 2568 332 2621 sed
352 2569 385 2621 de
398 2585 428 2634 a.
447 2571 525 2622 etism
543 2568 569 2621 h:
581 2571 599 2624 Ι.
617 2585 659 2624 res
676 2572 783 2626 incerta.
914 2569 1019 2638 contra]
1038 2585 1081 2638 vg.
1118 2589 1182 2623 con-

41 2636 129 2689 traria
148 2639 227 2692 codd.
245 2639 338 2708 (ettam
355 2657 396 2707 a,
415 2647 444 2692 ut
461 2639 548 2709 puto).

152 2742 209 2810 35.
238 2751 406 2822 declarastis]
424 2772 468 2824 vg.
505 2755 649 2828 analogias
667 2756 742 2810 codd.
842 2757 930 2810 ¹*reon
945 2755 1031 2810 solum
1049 2773 1069 2808 a
1085 2756 1182 2810 simili·

41 2829 112 2902 bus]
132 2830 203 2885 coni:
222 2828 335 2904 adlidi,¹
350 2827 530 2900 disputationis
554 2831 653 2882 ratione
679 2834 820 2898 permotus.
968 2828 1062 2897 isdem]
1081 2831 1181 2898 scripsi.

40 2903 142 2956 hisdem
162 2900 239 2954 codd.
277 2899 318 2953 Cf.
337 2905 423 2952 annot.
442 2900 476 2951 ad
493 2900 526 2964 V,
544 2903 588 2953 1³.
606 2904 649 2952 57.
678 2901 737 2967 vll,
754 2903 781 2954 8.
894 2898 1083 2952 dissimilibus*
1101 2902 1199 2952 voca-¹

41 2973 120 3042 lulis]
140 2974 212 3028 coni.
227 2973 334 3040 scripsi,
352 2987 384 3024 ea
397 2971 567 3036 necessitate,
587 2985 654 3036 quae
672 2973 757 3024 estin
774 2971 958 3024 sententiarum
970 2985 1049 3036 nexu,
1067 2977 1181 3024 coactns.
1292 3003 1294 3016 .

42 3045 142 3098 lisdem
161 3041 302 3096 vocabulis
320 3039 461 3094 dissimilia
478 3041 571 3106 codd,
588 3056 640 3107 quo
655 3041 717 3095 nihil
732 3048 771 3095 est
783 3042 936 3110 perversius.
1043 3039 1079 3092 ol
1092 3041 1183 3092 altera

44 3115 190 3180 Albenses]
212 3114 245 3168 ab
270 3113 337 3166 Alba
361 3113 486 3166 Fucente.
517 3113 550 3164 V.
571 3110 701 3164 Charisius
718 3113 740 3164 I.
761 3131 786 3180 p.
798 3115 842 3164 s1.
859 3112 890 3164 P.
923 3117 949 3164 et
965 3111 1074 3179 Argum.
1098 3113 1116 3166 l.
1135 3111 1182 3166 IX.

45 3185 206 3251 Athenaeis]
224 3185 324 3252 scripsi.
365 3182 513 3237 Athenaiis
527 3183 561 3236 F.
585 3183 701 3235 *athena
712 3183 748 3247 iis
765 3200 788 3236 a.
831 3181 976 3235 Athenaus
994 3184 1056 3238 GH.
1092 3184 1183 3238 Atte-

44 3257 145 3312 cienses
171 3257 240 3310 coni.
267 3257 346 3322 Pius,
372 3255 451 3322 idque
468 3271 511 3320 vg.
530 3261 669 3322 receptum.
713 3254 791 3312 Quod
814 3255 904 3323 posui,
927 3249 1183 3325 &repetissemus

45 3347 74 3384 ex
91 3333 211 3397 quinque
230 3328 348 3396 oppidis,
366 3343 433 3394 quae
449 3325 565 3379 Athenas
582 3325 665 3379 dIctas
683 3341 741 3380 esse
759 3325 882 3395 stephan.
901 3327 967 3392 Byn.
986 3327 1091 3392 scribit,
1110 3327 1182 3378 cives

45 3404 204 3469 ilgnificsssc
223 3405 303 3468 puto,
326 3397 437 3450 fortasse
455 3397 579 3450 Athenaei
599 3413 619 3450 s.
633 3398 767 3450 Minervae
783 3395 869 3452 castri
882 3397 908 3448 in
922 3398 1005 3462 Italia,
1024 3413 1081 3450 nam
1101 3396 1183 3449 forma

47 3467 189 3542 Αθηναεὺς
213 3471 308 3523 rectius
332 3470 365 3520 ab
390 3465 523 3539 Ἀθηναίῳ
542 3485 618 3536 quam
636 3470 670 3521 ab
688 3463 815 3538 Ἀθήναις
833 3469 943 3522 derivari
961 3474 1054 3538 potest.
1090 3469 1137 3521 SIc
1154 3474 1183 3519 at

47 3559 64 3599 r.
79 3547 97 3598 l.
116 3541 295 3630 Athenaeis,
308 3557 387 3610 supra
404 3540 436 3605 V,
454 3545 499 3596 5³.
517 3539 669 3592 Palantieis
687 3542 787 3610 scripsi.
1243 3567 1244 3570 ¹

155 3643 211 3710 36.
236 3657 293 3722 stc]
311 3655 365 3708 Sed
380 3658 415 3709 G.
528 3657 592 3707 buu
604 3657 703 3722 Luam,
721 3665 748 3706 et
762 3658 773 3682 ¹
786 3652 821 3706 ab
834 3653 880 3705 luo
893 3652 981 3720 luam]
997 3654 1064 3708 conl.
1082 3655 1183 3722 scripsi.

50 3728 85 3785 lto
105 3731 165 3800 (lui
184 3729 277 3796 (ills.)
297 3725 371 3779 luam
389 3725 454 3778 et'u
473 3724 523 3796 (ab
541 3727 591 3796 II.)
613 3726 739 3780 solvendo
763 3725 844 3777 alluo
867 3722 976 3776 abluam
999 3725 1091 3779 cedda
1117 3741 1184 3794 quo·

50 3818 97 3857 run
116 3806 146 3856 in
166 3803 278 3854 lectione
303 3816 321 3848 c
340 3797 464 3850 solvendo
490 3815 523 3850 ex
549 3801 705 3866 glossemate
728 3797 762 3851 ad
785 3797 892 3850 verbnm
915 3796 962 3850 luo
986 3797 1131 3866 adsumto,
1156 3801 1184 3848 et

50 3871 155 3926 cinam
175 3889 208 3927 ex
226 3888 265 3924 vv.
286 3867 321 3920 cl
343 3869 392 3929 luc
413 3885 550 3938 perperam
573 3871 716 3924 coniunctis
741 3875 799 3921 crta
821 3875 889 3920 snut.
931 3869 990 3925 Lus
1007 3869 1184 3921 Romanorum

51 3945 90 3996 det
114 3948 171 3998 ism
189 3943 331 4013 Spengelio
356 3957 386 3994 se
408 3941 552 4005 obtulerat3
586 3941 644 3994 binc
661 3943 702 3995 Al.
720 3937 770 3993 Th.
788 3940 959 3993 Suerdsioens
977 3937 1080 3994 Vindic.
1097 3955 1184 4008 praec.

50 4015 192 4069 Bertteiani
217 4033 244 4082 p.
259 4017 304 4066 26·
327 4012 457 4081 reposuit:
484 4016 549 4064 Luca
571 4015 676 4069 Luam,
700 4019 729 4060 et
746 4028 764 4062 α
788 4010 907 4063 solvendi
933 4009 1012 4063 verbo
1038 4009 1084 4062 luo
1101 4011 1184 4075 luam,

50 4087 287 4148 distinctissime,
314 4083 443 4152 posterius
461 4084 545 4135 minus
565 4090 653 4148 recte,
681 4098 740 4136 nam
760 4099 801 4135 rr.
825 4081 860 4132 cl>
883 4081 928 4133 luo
952 4083 979 4136 in
1003 4083 1185 4150 antiquissitnis

51 4157 121 4210 tntse
142 4157 236 4222 codd,
261 4165 299 4208 ex·
312 4157 344 4208 iis
362 4171 430 4224 quas
448 4154 501 4208 dixi
519 4155 681 4222 intelligitur.
727 4157 817 4204 Luam
839 4153 955 4206 Saturni
979 4155 1103 4222 scriptum
1129 4157 1185 4206 erat
1211 4163 1217 4172 “

50 4229 77 4280 in
95 4229 196 4296 ntique
213 4227 370 4296 precatione,
390 4242 468 4294 quam
486 4227 608 4294 exposuit
626 4226 727 4279 Gellius
744 4223 825 4292 XIII,
843 4227 906 4291 223
923 4229 1036 4280 stertat
1052 4225 1086 4278 de
1102 4230 1185 4278 matre

50 4299 225 4352 Luctibellus
243 4297 345 4352 Tobiae
362 4296 508 4368 Hempelii,
526 4297 610 4351 editus
628 4297 787 4350 ZwiccarIae
805 4299 886 4350 1805.
924 4295 926 4302 “
988 4295 1184 4361 lrominchoni.

51 4371 213 4438 Spergelius.
251 4368 339 4422 omnia
357 4366 432 4422 codd
532 4411 534 4418 .
575 4367 692 4436 cirilia']
710 4367 778 4423 coni.
797 4369 922 4437 Scaliger.
950 4363 1090 4441 ‚liberalia
1108 4365 1183 4424 codd·

732 4463 799 4529 12·
