2890 4820
515 217 742 324 §.rmo-¹
1151 227 1179 300 5

59 416 121 486 rius
156 411 195 486 fit
233 413 263 484 si
302 410 397 484 dieas
439 437 519 510 poa
561 435 665 509 quam
705 413 870 510 impos,
913 411 1050 488 videtur
1086 416 1179 488 enim

60 541 129 611 pos
153 512 349 614 significare
372 515 486 612 potius
508 524 648 611 pontem
674 537 778 610 quam
802 525 990 612 potentem.
1136 515 1176 589 5.

60 619 212 690 Vetusius
252 641 363 712 pauea
400 642 471 688 nou
509 615 699 712 depravat,
749 615 857 688 multa
893 615 995 688 tollit.
1065 617 1181 709 Quem

58 739 191 815 puerum
228 717 346 789 vidisti
383 715 596 807 formosum,
648 713 743 788 bunc
781 717 877 790 vides
914 715 1103 792 deformem
1145 723 1182 792 iu

60 830 197 890 senecta.
263 819 421 892 Tertium
454 818 610 892 seculum
645 843 717 890 non
749 817 843 892 videt
876 845 957 892 eum
990 818 1178 913 hominem,

59 946 149 1017 quem
180 919 269 992 vidit
297 922 460 1017 primum.
528 918 647 1010 Quare
679 918 739 991 illa
770 944 858 1016 quae
890 922 959 994 iam
991 921 1233 1007 maioribuslj,

59 1023 173 1093 nostris
196 1021 324 1094 ademit
348 1022 477 1094 oblivio
502 1019 667 1118 fugitiva,
702 1031 820 1092 secuta
841 1021 1006 1094 sedulitas
1030 1023 1125 1097 Muri
1151 1035 1187 1098 et
1282 1056 1286 1060 ·

58 1122 150 1194 Bruti
169 1123 344 1196 retrahere
366 1125 498 1220 nequit.
552 1123 654 1214 Nou,
684 1123 714 1192 si
740 1147 810 1192 uon
836 1133 982 1220 potuero
1004 1124 1183 1224 indagare,

58 1249 93 1295 eo
116 1250 173 1298 ero
203 1225 355 1319 tardior3
391 1224 453 1296 sed
477 1223 631 1296 velocior
655 1221 734 1295 ideo
759 1224 790 1294 si
820 1225 986 1322 quivero3
1020 1252 1091 1299 non
1114 1253 1186 1299 me·

59 1325 196 1398 diocreis
235 1328 327 1398 enim
364 1324 525 1398 tenebrae
562 1325 599 1396 in
638 1323 727 1396 silva
767 1323 827 1396 ubi
864 1323 952 1396 haec
992 1327 1184 1424 captanda3

56 1453 159 1524 neque
185 1454 227 1501 eo
253 1453 324 1526 quo
349 1429 530 1524 pervenire
559 1425 719 1498 volumus
748 1428 890 1500 semitae
917 1427 1039 1521 tritae3
1075 1451 1188 1523 neque

56 1553 118 1599 non
143 1531 181 1600 in
208 1528 404 1602 tramitibus
432 1527 601 1626 quaedam
632 1526 788 1620 obieeta,
826 1553 915 1627 quae
941 1539 1079 1600 euntem
1105 1531 1188 1600 reti-

54 1655 128 1702 nere
156 1641 313 1728 possent.
541 1627 582 1702 6.
619 1628 701 1720 Quo
729 1629 914 1705 verborum
946 1655 1116 1705 uovorum
1147 1655 1189 1702 ac

55 1741 205 1802 veterum
240 1729 412 1804 discordia
450 1731 574 1803 omnis.
642 1731 686 1802 lu
725 1731 974 1804 consuetudine
1012 1734 1215 1805 commuui⁵

55 1843 134 1928 quot
159 1831 271 1905 modis
297 1833 472 1905 literarum
501 1833 723 1904 commutatio
750 1835 797 1906 sit
822 1833 914 1906 lacta
944 1836 1005 1931 qui
1033 1833 1236 1930 auimadqg

55 1936 210 2025 verterit,
251 1933 388 2006 facilius
425 1936 572 2032 scrutari
606 1936 758 2033 origines
791 1937 942 2033 patietur
977 1935 1186 2028 verborum3

57 2037 196 2132 reperiet
224 2037 314 2108 enim
341 2061 416 2106 esse
442 2047 670 2128 commutata,
707 2037 804 2106 utin
828 2035 1065 2134 superioribus
1091 2037 1190 2110 libris

60 2136 210 2228 ostendi,
244 2139 392 2208 maxime
418 2148 559 2234 propter
591 2135 645 2209 bis
662 2148 864 2235 quaternas
898 2163 1032 2211 causas.
1093 2139 1191 2212 Lite·

59 2264 167 2309 rarum
200 2241 292 2310 enim
324 2237 363 2310 tit
401 2237 596 2335 demptione
636 2248 696 2310 aut
732 2237 932 2332 additione,
983 2251 1017 2312 et
1051 2253 1193 2338 propter

61 2363 169 2411 earum
187 2339 437 2412 adtractiouem
459 2351 518 2410 aut
536 2342 852 2431 commutationem,
877 2344 960 2414 item
978 2339 1192 2440 syllabarum

62 2442 383 2536 productione*aut
396 2442 625 2538 correptione,
652 2440 801 2538 denique
823 2492 1057 2512 ..........
1076 2445 1188 2514 oue':

64 2689 203 2759 videbatur,
223 2695 284 2762 quis
301 2697 423 2764 liquidam
441 2715 460 2748 n
477 2703 538 2750 ante
556 2697 700 2750 sibilantem
719 2697 805 2749 Latini
824 2695 958 2750 obscurius
977 2697 1193 2762 pronunciabant.

64 2759 125 2814 Hinc
142 2763 207 2832 fros
225 2767 295 2834 apud
317 2770 475 2834 Varronem,
502 2771 535 2822 de
558 2786 609 2836 quo
624 2770 724 2836 Popula
747 2768 780 2820 ad
805 2767 829 2819 b.
848 2769 880 2831 l.‚
906 2767 1040 2831 CFSOR,
1066 2769 1193 2836 cosoL‚

64 2829 252 2890 TERMESES
269 2839 296 2890 in
313 2840 394 2892 titulis
412 2841 495 2906 notis,
514 2847 543 2893 et
559 2843 639 2894 multa
657 2845 689 2894 de
707 2839 801 2907 quibus
819 2840 849 2892 C.
859 2839 891 2894 1..
900 2838 1051 2893 Schneider.
1078 2843 1193 2896 Gramm.

64 2901 116 2957 Lat.
131 2907 158 2972 1,
176 2908 210 2960 ll.
237 2927 263 2978 p.
278 2913 330 2962 457
346 2928 402 2980 sqq.

169 3003 200 3066 5.
224 3016 302 3066 Muti
320 3027 347 3068 et
365 3017 461 3083 Bruti]
485 3016 518 3070 de
535 3018 721 3070 iurisconsultis
740 3017 829 3069 Mucio
847 3023 874 3070 et
891 3017 975 3069 Bruto
994 3018 1108 3085 explieat
1125 3017 1195 3070 Tur-

67 3084 147 3138 nebus.
198 3085 267 3140 Mihi
297 3091 465 3156 proverbialis
498 3105 555 3142 esse
591 3090 693 3141 videtur
728 3089 815 3142 dictio.
954 3088 1121 3158 mediocreis]
1149 3091 1195 3143 Fa.

66 3156 193 3210 mediocria
211 3159 254 3210 bc.
280 3161 420 3212 medioeres
445 3161 507 3215 GH.
555 3162 697 3214 Varronem
724 3159 772 3213 bac
793 3162 820 3212 iu
838 3158 896 3212 uls
919 3175 940 3212 r.
959 3160 992 3212 ts
1017 3161 1196 3214 terminatione
1294 3203 1300 3210 .

67 3227 135 3280 ctiam
160 3232 330 3284 nominativos
355 3235 420 3299 plur.
443 3231 572 3285 interdum
596 3232 764 3296 concludere,
793 3233 874 3284 multa
899 3238 1042 3284 monstrant
1069 3235 1196 3302 exempla,

66 3303 104 3350 ut:
121 3303 217 3353 omneis
237 3303 270 3366 V,
287 3308 330 3356 65.
349 3304 395 3368 vl,
413 3307 439 3354 2.
460 3319 493 3355 ex
512 3303 543 3355 F.
579 3303 662 3354 ornain
686 3303 749 3367 Vll,
767 3307 812 3358 rt.
839 3303 893 3366 lx,
911 3307 955 3355 29.
975 3319 1008 3354 ex
1026 3303 1057 3356 F.
1090 3303 1197 3372 parteis

66 3368 95 3432 V,
110 3373 152 3422 21.
170 3378 213 3425 56.
234 3389 268 3424 ex
285 3373 317 3424 F.
353 3373 462 3425 simileis
486 3373 538 3438 IX,
556 3377 600 3426 43.
623 3375 685 3426 item
705 3391 738 3427 ex
755 3375 786 3428 F.
830 3372 964 3425 unrboneie
984 3376 1013 3438 V,
1033 3378 1094 3426 115.
1113 3391 1147 3426 ex
1165 3375 1195 3425 F.

71 3438 200 3509 disparilia
218 3443 302 3510 Vlll,‘
317 3449 360 3498 or.
379 3461 412 3497 eu
429 3463 452 3497 a.
491 3443 574 3494 moris
597 3443 651 3510 IX,
670 3445 713 3498 62.
750 3445 830 3497 lentis
847 3445 901 3511 IX,
917 3449 961 3497 34.
1004 3445 1058 3497 Sed
1083 3446 1198 3513 apertius
1241 3481 1248 3496 .

67 3509 143 3564 Varro
159 3515 216 3582 ipse
234 3531 282 3568 suo
301 3522 416 3584 tempore
434 3517 498 3568 alios
516 3515 567 3566 hae
580 3516 696 3586 puppis,
714 3517 809 3574 tertis,
825 3518 890 3569 alios
908 3514 956 3568 irae
970 3533 1090 3585 puppes,
1114 3525 1199 3568 restra

69 3580 268 3651 disperderet,
293 3587 371 3652 vill,
390 3593 433 3641 66.
1129 3593 1134 3602 '

172 3681 204 3746 6·
229 3695 298 3764 Quo]
311 3695 376 3746 coni.
401 3714 514 3768 quorum
529 3693 605 3747 codd.
642 3695 715 3750 Quo
732 3709 764 3746 eo
782 3707 867 3758 sensu,
881 3709 933 3760 que
951 3691 1036 3746 hinc.
1073 3692 1199 3746 Similiter

70 3761 116 3826 Vl,
133 3769 156 3818 4.
182 3766 261 3830 Vlll,
281 3771 324 3818 58.
349 3766 465 3830 1Χ,38.
501 3768 541 3820 De
559 3765 747 3836 permutatione
765 3765 901 3818 verborum
920 3782 943 3818 v.
954 3764 1094 3818 Praelatio.
1164 3765 1199 3816 In

72 3837 271 3904 consuetudine]
297 3839 504 3904 interpunctione
529 3839 629 3890 seiunui
656 3854 671 3888 a
697 3836 833 3904 prioribus.
927 3835 1061 3902 scrutari]
1089 3854 1116 3886 re
1140 3833 1200 3888 lruic

70 3907 143 3959 verbo
166 3910 300 3976 anteponit
325 3924 390 3962 unus
415 3910 445 3962 F.
470 3925 545 3980 quem
572 3909 688 3976 sequitur
713 3909 836 3975 Spengel.
872 3905 964 3980 Etiam¹
982 3906 1031 3960 lroc
1055 3909 1113 3959 loco
1137 3923 1200 3976 pro·
1263 3899 1274 3920 ⁴

75 3990 160 4032 nomen
184 3981 344 4032 indefinitum
370 3981 526 4046 cogitatione
551 3980 729 4050 supplendum.
772 3981 805 4034 V.
829 3978 862 4030 ad
886 3983 911 4044 §.
928 3983 955 4030 2.
1070 3977 1199 4048 reperiet]

71 4051 239 4115 repperiet-a.
362 4052 573 4120 adtractiouem]
599 4053 630 4104 F.
657 4050 832 4101 arctationem
855 4051 896 4102 ab.
925 4049 1113 4101 tractationem
1138 4047 1199 4101 GH.

73 4120 124 4171 cod.
134 4121 256 4176 Turnebi.
284 4123 476 4191 Adtraetionem
492 4123 578 4176 dicere
592 4123 695 4174 videtur
706 4138 782 4188 quam
796 4138 842 4174 nos
856 4123 1071 4174 assimilationem.
1129 4121 1201 4190 'aar

74 4195 211 4261 ...one‘]
237 4195 368 4248 Lacunam
387 4195 496 4247 indicavi
524 4202 551 4247 et
576 4211 609 4247 ex
635 4201 708 4262 parte
728 4195 843 4260 explevi,
870 4196 903 4246 ita
924 4200 952 4245 ut
970 4209 1047 4245 cause
1065 4197 1202 4260 appareret

73 4262 172 4329 eadem‘,
198 4273 305 4334 propter
329 4283 405 4332 quam
430 4268 553 4319 Varronis
578 4269 694 4318 sexcenti
719 4266 770 4317 loci
794 4265 876 4317 mutili
900 4272 974 4329 sunt,
1004 4259 1201 4323 ipocritarum.

74 4331 101 4383 l.
119 4335 202 4388 Praei.
246 4337 287 4389 De
308 4339 506 4407 transpositione
529 4339 714 4391 elementorum
733 4336 781 4389 hoc
799 4343 891 4404 quarto
909 4337 967 4388 loeo
986 4335 1083 4387 dixisse
1101 4334 1203 4387 videtur

792 4434 847 4498 1.
