2890 4820
378 267 390 304 ‘
444 253 481 356 5·
508 265 709 342 70-74.
1099 253 1152 328 aa

53 445 326 525 Commotiae*
353 441 397 514 ad
422 439 535 516 laeum
557 436 777 514 Cutiliensem
802 465 823 514 a
849 452 1034 536 commotu,
1060 442 1154 540 quod

54 552 96 623 ibi
117 551 227 624 insula
249 553 285 621 in
310 563 400 644 aqua
425 553 668 616 commovetur.
793 539 859 616 72.
894 543 1149 640 Neptunus,

53 653 143 748 quud·
157 676 249 724 mare
277 661 385 722 terras
412 643 557 718 obnubit
580 654 620 716 ut
643 641 752 717 nubes
781 643 935 736 caelum,
973 642 1016 717 ab
1042 656 1151 743 nuptu

52 753 82 824 id
103 765 155 826 est
173 753 347 852 opertione
372 758 411 820 ut
435 746 586 843 antiqui,
614 771 636 816 a
660 771 729 842 qno
753 747 952 842 nuptiae,
985 758 1164 844 nuptus

52 854 163 926 dictus.
223 851 406 927 Salacia
437 848 591 946 Neptuni
623 870 643 918 a
676 845 761 918 salo.
793 846 1006 922 .Venelia
1038 874 1058 918 a
1091 873 1149 919 ve·

50 955 161 1028 aiendo
185 979 228 1028 ac
251 963 356 1026 ventu
380 949 461 1041 illo,
494 973 596 1047 quem
621 947 769 1042 Plautus
794 945 898 1018 dicit:

149 1079 259 1168 Quod
283 1077 334 1146 ibi
358 1076 452 1145 dixit
477 1073 540 1167 qui
569 1070 728 1138 secundo
758 1081 863 1139 vento
888 1083 1009 1142 vertras
1030 1084 1085 1141 est
1149 1083 1188 1156 2}

150 1197 366 1291 Tranquillo
392 1193 512 1264 mari:
550 1202 696 1263 centnm
716 1189 872 1281 gaudeo.

132 1344 198 1421 75.
240 1347 436 1420 Bellona
469 1369 489 1416 a
522 1342 614 1416 bello
651 1367 767 1436 nunc,
808 1369 896 1442 quae
928 1343 1100 1419 Duellona
1129 1369 1191 1419 am

47 1445 160 1522 duello.
223 1449 346 1524 Mars
371 1444 413 1516 ab
440 1470 501 1538 ec,
534 1443 628 1542 quod
652 1443 804 1516 maribus
830 1447 868 1516 in
888 1443 979 1518 bello
1001 1459 1147 1545 praeest,

46 1561 94 1620 aut
116 1548 210 1647 quod
234 1549 278 1620 ab
301 1547 442 1622 Sabinis
467 1557 651 1642 acceptus,
679 1545 728 1618 ibi
747 1556 799 1618 est
823 1545 990 1622 Mamers.
1043 1547 1147 1638 Qni-
1189 1618 1193 1624 .

46 1651 165 1722 rinus
198 1675 219 1720 a
251 1646 457 1743 Quiritibus.
510 1647 672 1722 Virtus
700 1658 738 1720 ut
762 1648 828 1717 viri
852 1649 905 1720 vis
930 1671 951 1718 a
975 1648 1145 1722 virilitate.

44 1747 185 1824 Honos
215 1749 258 1822 ab
298 1750 464 1823 honere
497 1749 570 1820 sive
603 1773 726 1841 onere,
765 1749 879 1846 itaque
910 1747 1146 1824 honestum
1251 1803 1261 1812 -

48 1849 161 1923 dieitur
185 1851 278 1949 qnod
298 1859 499 1942 oneratum,
536 1858 571 1922 et
596 1846 748 1923 dictum:

86 2059 92 2078 Ι
141 1985 245 2052 Onne
268 1995 321 2052 est
347 1981 461 2052 bonos
491 1981 733 2074 quibuslicet
760 1979 1031 2075 rempublicam.

44 2105 234 2181 Castoris
256 2133 381 2181 nomen
401 2105 587 2179 Graecum.
640 2105 846 2179 Pollucis
870 2132 892 2178 a
916 2107 1059 2181 Graecis
1081 2135 1142 2182 no·

43 2234 107 2280 nen
131 2209 224 2307 quod
250 2209 338 2301 est*,
371 2210 407 2279 in
432 2209 567 2278 Latinis
592 2207 700 2280 literis
725 2207 898 2280 veteribus
927 2208 1139 2303 inscribitur,

43 2319 73 2378 ut
94 2303 342 2400 Πολυδεύκης,
366 2309 544 2398 Polluces,
572 2335 642 2380 non
661 2319 698 2379 ut
723 2333 815 2379 nunc
837 2308 978 2381 Pollux.
1033 2310 1141 2382 Con-

44 2411 229 2484 cordiae
258 2411 361 2484 eorde
386 2419 607 2507 congruente.
724 2405 789 2479 74.
826 2409 1032 2502 Feronia,
1063 2411 1141 2484 Mi·

42 2505 193 2608 nerva,
227 2511 509 2586 Novensides
542 2534 562 2579 a
596 2507 748 2582 Sabinis.
816 2509 928 2580 Paulo
967 2509 1064 2582 aliter
1096 2509 1181 2607 abac

42 2613 153 2689 eisdem
182 2614 331 2688 dicimus
363 2609 628 2705 Herculem,
665 2611 872 2704 Vestam,
913 2609 1135 2706 Salutem,

42 2846 63 2884 re
78 2833 125 2888 diri
139 2843 245 2890 annnot.
262 2837 294 2891 ad
311 2841 335 2904 5.
348 2842 392 2891 28.
554 2835 734 2902 Commoriar]
751 2853 794 2902 vg.
831 2828 949 2887 comitiis*
959 2835 1034 2889 codd.
1069 2853 1138 2887 conr-

44 2907 109 2958 noris
129 2911 238 2976 August.
256 2927 337 2976 marg.
355 2925 388 2962 ex
405 2909 478 2962 libro.
521 2907 623 2960 insulae
640 2907 713 2960 buius
730 2908 839 2960 natantis
857 2909 937 2960 muita
954 2914 1026 2961 estut
1042 2923 1138 2960 memo-

44 2974 87 3040 n'a3
109 2978 140 3032 de
157 2980 284 3050 Lymphis
302 2982 449 3036 Commodis
466 2995 530 3034 unus
548 2981 630 3033 Varro
647 2979 719 3032 testis
737 2979 827 3030 adesse
844 2978 951 3032 videtur.

137 3084 188 3150 72.
210 3093 311 3165 ¹terrae]
328 3113 370 3164 vg.
406 3105 434 3146 ct
451 3105 539 3146 terras
556 3092 629 3148 codd.
784 3111 801 3145 a
837 3112 871 3144 uc
888 3091 1014 3160 nuptiae,
1037 3101 1138 3160 nuptus

42 3161 125 3235 dictur]
149 3187 167 3220 a
192 3187 244 3241 quc
268 3177 355 3236 nuptu
384 3165 495 3233 nuptiae
520 3164 606 3214 dictae
634 3164 675 3216 vel
700 3172 786 3230 nupta
828 3164 898 3220 icta,
924 3164 989 3216 coni.
1013 3164 1137 3231 Scaliger.

43 3233 106 3289 Quod
122 3242 250 3308 placeret,
273 3239 453 3293 simulatione
472 3240 631 3304 opusesset.
726 3243 736 3278 t
765 3233 884 3302 Venetia]
904 3235 978 3290 codd.
1006 3236 1053 3287 nisi
1069 3236 1138 3303 quod

43 3309 134 3359 venalia
152 3328 174 3364 a.
212 3310 322 3367 canalia
341 3326 364 3363 c.
402 3305 507 3360 Venilia
526 3321 582 3372 vg„
598 3311 627 3356 ut
645 3303 739 3370 legitur
754 3321 796 3371 ap.
811 3307 943 3372 Virgilium
961 3308 1024 3360 Aen.
1042 3305 1076 3370 X,
1094 3309 1138 3357 76.

41 3380 277 3451 sentu]Scioppius.
312 3389 391 3431 vento
404 3376 478 3430 codd.
590 3373 636 3440 ihr]
650 3375 724 3427 codd.
754 3377 801 3427 uisi
815 3377 883 3443 quod
897 3379 931 3430 G.
945 3375 999 3430 abi.
1032 3375 1077 3426 ille
1094 3391 1137 3442 vg.

43 3459 68 3498 tx
82 3450 161 3506 Plauti
177 3455 263 3518 libris,
289 3452 414 3504 Cistellar.
432 3448 460 3513 1,
479 3449 512 3512 1,
531 3449 573 3498 15.
608 3445 743 3498 Bacchiaci
759 3454 817 3499 sunt
834 3463 930 3501 versus.

136 3556 188 3623 73.
216 3563 512 3635 aosaavgamsoac,
624 3559 785 3630 Quiritibus]
803 3560 928 3629 octricus
945 3559 980 3612 u.
1015 3561 1136 3612 rorasse
1196 3550 1198 3558 ’

42 3635 146 3693 Curibus.
271 3642 365 3693 lscnere
382 3635 447 3701 sive]
466 3633 530 3687 coni.
564 3632 673 3684 leonem
690 3633 764 3685 codd.
807 3633 903 3682 barura
921 3631 1041 3682 scribitur
1058 3633 1136 3684 etium

41 3705 93 3760 inim
109 3713 161 3778 vl,
177 3718 221 3766 rr.
370 3711 444 3758 Onus
460 3714 501 3756 est
518 3703 609 3771 bonos]
628 3705 761 3756 Sententia
778 3703 845 3754 iusto
864 3703 979 3753 trimetro
1006 3717 1134 3770 expressa,

41 3781 114 3842 quales
128 3783 221 3836 multae
234 3783 335 3836 Romae
352 3781 406 3831 sine
423 3777 534 3830 auctoris
552 3774 652 3828 nomine
669 3774 822 3826 terebantur.
892 3789 983 3824 norun
1000 3773 1071 3844 quod
1082 3775 1133 3839 est]

42 3841 96 3903 coni.
114 3849 160 3905 bl.
172 3857 261 3922 posui,
278 3869 337 3905 nam
354 3852 380 3902 in
397 3848 470 3901 codd.
489 3863 520 3899 ea
537 3848 615 3898 verbe
632 3852 690 3914 post
707 3841 837 3895 veteribus
850 3843 977 3910 leguntur.
1046 3843 1134 3894 Hoto-

40 3917 156 3990 dru'ncha.
175 3931 205 3976 ut
220 3927 327 3978 videtur.
370 3915 530 3986 Polydeuces
542 3917 573 3970 F.
611 3914 848 3984 pallidencepsGb.
880 3913 967 3981 poilid
982 3932 1092 3980 eanceps
1109 3932 1133 3969 c.

40 4003 80 4042 on.
90 3993 121 4046 H.
149 3995 272 4047 Polluces
285 3995 318 4047 sd
334 3993 471 4046 Etruscum
488 3985 603 4038 Pulruke
620 3991 649 4038 ut
666 3986 808 4054 proximam
825 3985 949 4052 originem
965 3985 1133 4039 referendum.

137 4091 189 4156 74.
213 4093 493 4164 Novensidesffufls.
528 4091 675 4144 noversides
689 4085 730 4144 bc.
766 4091 825 4144 Non
842 4108 906 4160 opus
924 4090 1076 4142 Novensiles
1093 4093 1133 4144 in-

40 4168 110 4239 ferre,
126 4192 181 4229 nam
198 4174 350 4230 Novensiles
366 4169 421 4224 sive
436 4183 483 4235 per
501 4161 511 4214 l
529 4163 583 4214 sive
598 4181 647 4232 per
664 4163 682 4212 d
698 4163 838 4229 scribatur,
863 4179 913 4214 non
930 4162 1040 4227 referre,
1059 4163 1135 4215 docet
1193 4221 1198 4227 .

41 4241 96 4298 Mar.
114 4249 234 4300 victorin.
254 4246 287 4298 de
304 4241 415 4306 orthogr.
440 4255 466 4305 p.
484 4238 563 4287 2470.
579 4234 682 4288 Paiscb.
812 4231 967 4300 Herculem]
986 4231 1059 4287 codd.
1086 4235 1135 4285 nisi

41 4317 98 4376 qaod
114 4317 240 4372 betelem
257 4318 283 4369 b,
321 4310 448 4364 lercalan
464 4324 487 4361 c.
522 4305 632 4359 Dubium
657 4313 740 4361 umen
765 4302 788 4358 h.
807 4306 824 4358 1.
847 4306 873 4358 id
897 4319 994 4360 nomen.
1037 4306 1133 4356 Herem
