<?xml version="1.0" encoding="UTF-8"?>
<!DOCTYPE html PUBLIC "-//W3C//DTD XHTML 1.0 Transitional//EN"
    "http://www.w3.org/TR/xhtml1/DTD/xhtml1-transitional.dtd">
<html xmlns="http://www.w3.org/1999/xhtml" xml:lang="en" lang="en">
 <head>
  <title>
</title>
<meta http-equiv="Content-Type" content="text/html;charset=utf-8" />
  <meta name='ocr-system' content='tesseract 3.04.00' />
  <meta name='ocr-capabilities' content='ocr_page ocr_carea ocr_par ocr_line ocrx_word'/>
</head>
<body>
  <div class='ocr_page' id='page_1' title='image "./mterentivarroni00mlgoog/mterentivarroni00mlgoog_0173.png"; bbox 0 0 2864 4814; ppageno 0'>
   <div class='ocr_carea' id='block_1_1' title="bbox 308 1031 971 1144">
    <p class='ocr_par' dir='ltr' id='par_1_1' title="bbox 308 1031 971 1144">
     <span class='ocr_line' id='line_1_1' title="bbox 308 1031 971 1144; baseline -0.002 -39"><span class='ocrx_word' id='word_1_1' title='bbox 308 1039 352 1105; x_wconf 88' lang='lat' dir='ltr'>u.</span> <span class='ocrx_word' id='word_1_2' title='bbox 383 1031 595 1144; x_wconf 79' lang='lat' dir='ltr'>nuruum</span> <span class='ocrx_word' id='word_1_3' title='bbox 635 1035 864 1130; x_wconf 73' lang='lat' dir='ltr'>trunonis</span> <span class='ocrx_word' id='word_1_4' title='bbox 968 1085 971 1092; x_wconf 87' lang='lat'><strong>.</strong></span> 
     </span>
    </p>
   </div>
   <div class='ocr_carea' id='block_1_2' title="bbox 89 1235 1088 1324">
    <p class='ocr_par' dir='ltr' id='par_1_2' title="bbox 89 1235 1088 1324">
     <span class='ocr_line' id='line_1_2' title="bbox 89 1235 1088 1324; baseline 0.006 -6"><span class='ocrx_word' id='word_1_5' title='bbox 89 1236 640 1322; x_wconf 81' lang='lat' dir='ltr'><strong>DE-LINGUA</strong></span> <span class='ocrx_word' id='word_1_6' title='bbox 722 1235 1088 1324; x_wconf 83' lang='lat' dir='ltr'><strong>LATINA</strong></span> 
     </span>
    </p>
   </div>
   <div class='ocr_carea' id='block_1_3' title="bbox 313 1457 808 1526">
    <p class='ocr_par' dir='ltr' id='par_1_3' title="bbox 313 1457 808 1526">
     <span class='ocr_line' id='line_1_3' title="bbox 313 1457 808 1526; baseline -0.008 0"><span class='ocrx_word' id='word_1_7' title='bbox 313 1471 315 1478; x_wconf 83' lang='grc'><em>’</em></span> <span class='ocrx_word' id='word_1_8' title='bbox 364 1459 430 1526; x_wconf 87' lang='grc' dir='ltr'>ΑΙ)</span> <span class='ocrx_word' id='word_1_9' title='bbox 473 1457 808 1526; x_wconf 78' lang='lat' dir='ltr'>CICERONEM</span> 
     </span>
    </p>
   </div>
   <div class='ocr_carea' id='block_1_4' title="bbox 422 1631 754 1689">
    <p class='ocr_par' dir='ltr' id='par_1_4' title="bbox 422 1631 754 1689">
     <span class='ocr_line' id='line_1_4' title="bbox 422 1631 754 1689; baseline -0.006 -6"><span class='ocrx_word' id='word_1_10' title='bbox 422 1631 535 1689; x_wconf 82' lang='lat' dir='ltr'><strong>LIBER</strong></span> <span class='ocrx_word' id='word_1_11' title='bbox 562 1631 754 1686; x_wconf 85' lang='lat' dir='ltr'>SEPTIMUS.</span> 
     </span>
    </p>
   </div>
   <div class='ocr_carea' id='block_1_5' title="bbox 31 2011 1190 2209">
    <p class='ocr_par' dir='ltr' id='par_1_5' title="bbox 31 2011 1190 2209">
     <span class='ocr_line' id='line_1_5' title="bbox 116 2011 1190 2110; baseline 0.007 -30"><span class='ocrx_word' id='word_1_12' title='bbox 116 2011 198 2082; x_wconf 86' lang='lat' dir='ltr'>Hic</span> <span class='ocrx_word' id='word_1_13' title='bbox 235 2014 335 2082; x_wconf 81' lang='lat' dir='ltr'>deest</span> <span class='ocrx_word' id='word_1_14' title='bbox 372 2016 410 2083; x_wconf 84' lang='lat' dir='ltr'>in</span> <span class='ocrx_word' id='word_1_15' title='bbox 444 2015 649 2108; x_wconf 77' lang='lat' dir='ltr'>exenzplori</span> <span class='ocrx_word' id='word_1_16' title='bbox 670 2012 814 2104; x_wconf 76' lang='lat' dir='ltr'>foliam</span> <span class='ocrx_word' id='word_1_17' title='bbox 846 2039 977 2105; x_wconf 81' lang='lat' dir='ltr'>artum,</span> <span class='ocrx_word' id='word_1_18' title='bbox 1015 2017 1053 2086; x_wconf 84' lang='lat' dir='ltr'>in</span> <span class='ocrx_word' id='word_1_19' title='bbox 1085 2021 1190 2110; x_wconf 71' lang='lat' dir='ltr'>quoi</span> 
     </span>
     <span class='ocr_line' id='line_1_6' title="bbox 31 2116 559 2209; baseline 0.015 -33"><span class='ocrx_word' id='word_1_20' title='bbox 31 2125 73 2178; x_wconf 84' lang='lat' dir='ltr'>est</span> <span class='ocrx_word' id='word_1_21' title='bbox 89 2116 325 2209; x_wconf 78' lang='lat' dir='ltr'>principium</span> <span class='ocrx_word' id='word_1_22' title='bbox 352 2116 440 2185; x_wconf 76' lang='lat' dir='ltr'>libri</span> <span class='ocrx_word' id='word_1_23' title='bbox 466 2117 507 2187; x_wconf 92' lang='lat' dir='ltr'><em>V</em></span> <span class='ocrx_word' id='word_1_24' title='bbox 504 2117 559 2184; x_wconf 91' lang='lat' dir='ltr'>II.</span> 
     </span>
    </p>
   </div>
   <div class='ocr_carea' id='block_1_6' title="bbox 118 2248 1217 2350">
    <p class='ocr_par' dir='ltr' id='par_1_6' title="bbox 118 2248 1217 2350">
     <span class='ocr_line' id='line_1_7' title="bbox 118 2248 1217 2350; baseline 0.003 -29"><span class='ocrx_word' id='word_1_25' title='bbox 118 2248 353 2350; x_wconf 84' lang='lat' dir='ltr'>[Temporum</span> <span class='ocrx_word' id='word_1_26' title='bbox 371 2248 541 2322; x_wconf 84' lang='lat' dir='ltr'>vocabula</span> <span class='ocrx_word' id='word_1_27' title='bbox 558 2262 592 2321; x_wconf 87' lang='lat' dir='ltr'>et</span> <span class='ocrx_word' id='word_1_28' title='bbox 610 2275 833 2346; x_wconf 83' lang='lat' dir='ltr'>eorumquae</span> <span class='ocrx_word' id='word_1_29' title='bbox 855 2253 1039 2324; x_wconf 85' lang='lat' dir='ltr'>coniuncta</span> <span class='ocrx_word' id='word_1_30' title='bbox 1055 2265 1148 2344; x_wconf 87' lang='lat' dir='ltr'>sunt,</span> <span class='ocrx_word' id='word_1_31' title='bbox 1169 2266 1217 2308; x_wconf 78' lang='lat'>2⁷⁹</span> 
     </span>
    </p>
   </div>
   <div class='ocr_carea' id='block_1_7' title="bbox 1168 2319 1220 2332">
    <p class='ocr_par' dir='ltr' id='par_1_7' title="bbox 1168 2319 1220 2332">
     <span class='ocr_line' id='line_1_8' title="bbox 1168 2319 1220 2332; baseline 0 0"><span class='ocrx_word' id='word_1_32' title='bbox 1168 2319 1220 2332; x_wconf 63' lang='lat'>¹¹-</span> 
     </span>
    </p>
   </div>
   <div class='ocr_carea' id='block_1_8' title="bbox 28 2349 1409 2553">
    <p class='ocr_par' dir='ltr' id='par_1_8' title="bbox 28 2349 1409 2553">
     <span class='ocr_line' id='line_1_9' title="bbox 28 2349 1409 2480; baseline 0.006 -62"><span class='ocrx_word' id='word_1_33' title='bbox 28 2354 131 2423; x_wconf 82' lang='lat' dir='ltr'>autin</span> <span class='ocrx_word' id='word_1_34' title='bbox 155 2352 293 2452; x_wconf 76' lang='lat' dir='ltr'>agendo</span> <span class='ocrx_word' id='word_1_35' title='bbox 316 2349 427 2444; x_wconf 85' lang='lat' dir='ltr'>liunt,</span> <span class='ocrx_word' id='word_1_36' title='bbox 463 2361 522 2422; x_wconf 86' lang='lat' dir='ltr'>aut</span> <span class='ocrx_word' id='word_1_37' title='bbox 549 2363 808 2450; x_wconf 73' lang='lat' dir='ltr'>cum&#39;tempore</span> <span class='ocrx_word' id='word_1_38' title='bbox 831 2353 948 2450; x_wconf 88' lang='lat' dir='ltr'>aliquo</span> <span class='ocrx_word' id='word_1_39' title='bbox 971 2351 1235 2480; x_wconf 36' lang='lat' dir='ltr'>enantion-gg&amp;</span> <span class='ocrx_word' id='word_1_40' title='bbox 1323 2441 1325 2449; x_wconf 33' lang='grc' dir='ltr'>Ι</span> <span class='ocrx_word' id='word_1_41' title='bbox 1407 2383 1409 2396; x_wconf 90' lang='grc'><strong><em>·</em></strong></span> 
     </span>
     <span class='ocr_line' id='line_1_10' title="bbox 28 2451 1217 2553; baseline 0.004 -32"><span class='ocrx_word' id='word_1_42' title='bbox 28 2461 91 2546; x_wconf 88' lang='lat' dir='ltr'>tur,</span> <span class='ocrx_word' id='word_1_43' title='bbox 118 2457 238 2553; x_wconf 89' lang='lat' dir='ltr'>priore</span> <span class='ocrx_word' id='word_1_44' title='bbox 262 2451 352 2525; x_wconf 90' lang='lat' dir='ltr'>libro</span> <span class='ocrx_word' id='word_1_45' title='bbox 379 2452 462 2524; x_wconf 83' lang='lat' dir='ltr'><strong>dixi.</strong></span> <span class='ocrx_word' id='word_1_46' title='bbox 516 2453 561 2524; x_wconf 92' lang='lat' dir='ltr'>In</span> <span class='ocrx_word' id='word_1_47' title='bbox 586 2451 654 2524; x_wconf 91' lang='lat' dir='ltr'>hoc</span> <span class='ocrx_word' id='word_1_48' title='bbox 677 2453 790 2523; x_wconf 87' lang='lat' dir='ltr'>dicam</span> <span class='ocrx_word' id='word_1_49' title='bbox 814 2452 856 2524; x_wconf 91' lang='lat' dir='ltr'>de</span> <span class='ocrx_word' id='word_1_50' title='bbox 881 2456 1026 2552; x_wconf 70' lang='lat' dir='ltr'>politicis</span> <span class='ocrx_word' id='word_1_51' title='bbox 1051 2481 1155 2527; x_wconf 85' lang='lat' dir='ltr'>voea-</span> <span class='ocrx_word' id='word_1_52' title='bbox 1172 2490 1217 2529; x_wconf 75' lang='lat'>280</span> 
     </span>
    </p>
   </div>
   <div class='ocr_carea' id='block_1_9' title="bbox 26 2549 1227 2758">
    <p class='ocr_par' dir='ltr' id='par_1_9' title="bbox 26 2549 1227 2758">
     <span class='ocr_line' id='line_1_11' title="bbox 28 2549 1227 2660; baseline 0.006 -38"><span class='ocrx_word' id='word_1_53' title='bbox 28 2549 105 2628; x_wconf 88' lang='lat' dir='ltr'>bulis</span> <span class='ocrx_word' id='word_1_54' title='bbox 129 2568 164 2630; x_wconf 88' lang='lat' dir='ltr'>et</span> <span class='ocrx_word' id='word_1_55' title='bbox 188 2582 310 2629; x_wconf 87' lang='lat' dir='ltr'>eorum</span> <span class='ocrx_word' id='word_1_56' title='bbox 335 2553 549 2654; x_wconf 75' lang='lat' dir='ltr'>originibuS,</span> <span class='ocrx_word' id='word_1_57' title='bbox 583 2557 619 2626; x_wconf 91' lang='lat' dir='ltr'>in</span> <span class='ocrx_word' id='word_1_58' title='bbox 652 2557 729 2651; x_wconf 89' lang='lat' dir='ltr'>quis</span> <span class='ocrx_word' id='word_1_59' title='bbox 750 2555 859 2628; x_wconf 86' lang='lat' dir='ltr'>multa</span> <span class='ocrx_word' id='word_1_60' title='bbox 884 2555 1038 2628; x_wconf 82' lang='lat' dir='ltr'>difficilia</span> <span class='ocrx_word' id='word_1_61' title='bbox 1059 2555 1156 2660; x_wconf 87' lang='lat' dir='ltr'>nam]</span> <span class='ocrx_word' id='word_1_62' title='bbox 1175 2551 1227 2562; x_wconf 63' lang='lat'>”⁸</span> 
     </span>
     <span class='ocr_line' id='line_1_12' title="bbox 26 2659 695 2758; baseline 0.004 -32"><span class='ocrx_word' id='word_1_63' title='bbox 26 2659 122 2730; x_wconf 86' lang='lat' dir='ltr'>Haec</span> <span class='ocrx_word' id='word_1_64' title='bbox 147 2663 414 2758; x_wconf 79' lang='lat' dir='ltr'>interpolando</span> <span class='ocrx_word' id='word_1_65' title='bbox 441 2662 575 2729; x_wconf 83' lang='lat' dir='ltr'>ocldita</span> <span class='ocrx_word' id='word_1_66' title='bbox 600 2673 695 2729; x_wconf 81' lang='lat' dir='ltr'>sont.</span> 
     </span>
    </p>
   </div>
   <div class='ocr_carea' id='block_1_10' title="bbox 27 2861 1194 4525">
    <p class='ocr_par' dir='ltr' id='par_1_10' title="bbox 27 2861 1194 4434">
     <span class='ocr_line' id='line_1_13' title="bbox 126 2861 1160 2930; baseline 0.002 -16"><span class='ocrx_word' id='word_1_67' title='bbox 126 2862 185 2914; x_wconf 87' lang='lat' dir='ltr'>Hic</span> <span class='ocrx_word' id='word_1_68' title='bbox 200 2861 285 2930; x_wconf 82' lang='lat' dir='ltr'>deest]</span> <span class='ocrx_word' id='word_1_69' title='bbox 303 2863 348 2916; x_wconf 88' lang='lat' dir='ltr'>Sic</span> <span class='ocrx_word' id='word_1_70' title='bbox 366 2862 397 2914; x_wconf 87' lang='lat' dir='ltr'>F.</span> <span class='ocrx_word' id='word_1_71' title='bbox 445 2862 531 2914; x_wconf 88' lang='lat' dir='ltr'>Unum</span> <span class='ocrx_word' id='word_1_72' title='bbox 549 2861 639 2914; x_wconf 89' lang='lat' dir='ltr'>lolium</span> <span class='ocrx_word' id='word_1_73' title='bbox 657 2868 786 2916; x_wconf 76' lang='lat' dir='ltr'>castamve</span> <span class='ocrx_word' id='word_1_74' title='bbox 805 2879 881 2916; x_wconf 88' lang='lat' dir='ltr'>unam</span> <span class='ocrx_word' id='word_1_75' title='bbox 902 2862 1008 2929; x_wconf 81' lang='lat' dir='ltr'>deesse,</span> <span class='ocrx_word' id='word_1_76' title='bbox 1035 2865 1160 2917; x_wconf 83' lang='lat' dir='ltr'>scribitur</span> 
     </span>
     <span class='ocr_line' id='line_1_14' title="bbox 29 2931 1159 3000; baseline 0.005 -21"><span class='ocrx_word' id='word_1_77' title='bbox 29 2931 93 2985; x_wconf 89' lang='lat' dir='ltr'>etiam</span> <span class='ocrx_word' id='word_1_78' title='bbox 109 2934 136 2987; x_wconf 90' lang='lat' dir='ltr'>in</span> <span class='ocrx_word' id='word_1_79' title='bbox 153 2935 209 2988; x_wconf 86' lang='lat' dir='ltr'>Ha.</span> <span class='ocrx_word' id='word_1_80' title='bbox 324 2935 422 2986; x_wconf 81' lang='lat' dir='ltr'><strong>Contra</strong></span> <span class='ocrx_word' id='word_1_81' title='bbox 438 2933 557 2987; x_wconf 86' lang='lat' dir='ltr'>Vaticani</span> <span class='ocrx_word' id='word_1_82' title='bbox 576 2933 693 2998; x_wconf 88' lang='lat' dir='ltr'>codices,</span> <span class='ocrx_word' id='word_1_83' title='bbox 712 2953 737 2988; x_wconf 84' lang='grc' dir='ltr'>α.</span> <span class='ocrx_word' id='word_1_84' title='bbox 757 2941 784 2987; x_wconf 87' lang='lat' dir='ltr'>et</span> <span class='ocrx_word' id='word_1_85' title='bbox 801 2939 844 2999; x_wconf 70' lang='grc' dir='ltr'>β.ι</span> <span class='ocrx_word' id='word_1_86' title='bbox 871 2935 915 2984; x_wconf 74' lang='lat' dir='ltr'>laic</span> <span class='ocrx_word' id='word_1_87' title='bbox 933 2933 1064 3000; x_wconf 85' lang='lat' dir='ltr'>deficiunt</span> <span class='ocrx_word' id='word_1_88' title='bbox 1083 2945 1159 2986; x_wconf 81' lang='lat' dir='ltr'>carte</span> 
     </span>
     <span class='ocr_line' id='line_1_15' title="bbox 31 3001 1158 3078; baseline 0.005 -28"><span class='ocrx_word' id='word_1_89' title='bbox 31 3003 110 3054; x_wconf 87' lang='lat' dir='ltr'><em>VIIII</em></span> <span class='ocrx_word' id='word_1_90' title='bbox 124 3006 154 3057; x_wconf 85' lang='lat' dir='ltr'>in</span> <span class='ocrx_word' id='word_1_91' title='bbox 173 3002 274 3078; x_wconf 77' lang='lat' dir='ltr'>quibua</span> <span class='ocrx_word' id='word_1_92' title='bbox 291 3014 333 3055; x_wconf 83' lang='lat' dir='ltr'>est</span> <span class='ocrx_word' id='word_1_93' title='bbox 348 3003 511 3074; x_wconf 81' lang='lat' dir='ltr'>principium</span> <span class='ocrx_word' id='word_1_94' title='bbox 529 3001 591 3054; x_wconf 85' lang='lat' dir='ltr'>libri</span> <span class='ocrx_word' id='word_1_95' title='bbox 607 3003 721 3072; x_wconf 82' lang='lat' dir='ltr'>septimi.</span> <span class='ocrx_word' id='word_1_96' title='bbox 757 3024 797 3071; x_wconf 60' lang='grc' dir='ltr'>με</span> <span class='ocrx_word' id='word_1_97' title='bbox 821 3005 865 3056; x_wconf 72' lang='lat' dir='ltr'>llic</span> <span class='ocrx_word' id='word_1_98' title='bbox 885 3005 976 3072; x_wconf 73' lang='lat' dir='ltr'>drsficit</span> <span class='ocrx_word' id='word_1_99' title='bbox 990 3003 1158 3074; x_wconf 81' lang='lat' dir='ltr'>principium</span> 
     </span>
     <span class='ocr_line' id='line_1_16' title="bbox 28 3069 1159 3144; baseline 0.009 -26"><span class='ocrx_word' id='word_1_100' title='bbox 28 3069 79 3124; x_wconf 81' lang='lat' dir='ltr'><em>libri</em></span> <span class='ocrx_word' id='word_1_101' title='bbox 95 3076 167 3128; x_wconf 85' lang='lat' dir='ltr'>circa</span> <span class='ocrx_word' id='word_1_102' title='bbox 188 3085 282 3128; x_wconf 81' lang='lat' dir='ltr'>cartas</span> <span class='ocrx_word' id='word_1_103' title='bbox 297 3093 354 3131; x_wconf 80' lang='lat' dir='ltr'>sex.</span> <span class='ocrx_word' id='word_1_104' title='bbox 443 3076 598 3128; x_wconf 87' lang='lat' dir='ltr'>Mutinensis</span> <span class='ocrx_word' id='word_1_105' title='bbox 615 3075 696 3127; x_wconf 86' lang='lat' dir='ltr'>liber:</span> <span class='ocrx_word' id='word_1_106' title='bbox 714 3075 744 3126; x_wconf 86' lang='lat' dir='ltr'>in</span> <span class='ocrx_word' id='word_1_107' title='bbox 761 3075 907 3144; x_wconf 81' lang='lat' dir='ltr'>exemplari</span> <span class='ocrx_word' id='word_1_108' title='bbox 924 3075 1066 3128; x_wconf 74' lang='lat' dir='ltr'>licerent</span> <span class='ocrx_word' id='word_1_109' title='bbox 1085 3087 1159 3128; x_wconf 86' lang='lat' dir='ltr'>carte</span> 
     </span>
     <span class='ocr_line' id='line_1_17' title="bbox 29 3144 1158 3216; baseline 0.006 -21"><span class='ocrx_word' id='word_1_110' title='bbox 29 3151 49 3203; x_wconf 84' lang='lat'>9.</span> <span class='ocrx_word' id='word_1_111' title='bbox 66 3164 123 3198; x_wconf 83' lang='lat' dir='ltr'>cum</span> <span class='ocrx_word' id='word_1_112' title='bbox 142 3145 257 3200; x_wconf 84' lang='lat' dir='ltr'>dimidia</span> <span class='ocrx_word' id='word_1_113' title='bbox 275 3165 329 3198; x_wconf 84' lang='lat' dir='ltr'>non</span> <span class='ocrx_word' id='word_1_114' title='bbox 346 3144 455 3216; x_wconf 78' lang='lat' dir='ltr'>scripte.</span> <span class='ocrx_word' id='word_1_115' title='bbox 570 3147 790 3212; x_wconf 79' lang='lat' dir='ltr'>Guelferbytanus</span> <span class='ocrx_word' id='word_1_116' title='bbox 807 3153 895 3201; x_wconf 88' lang='lat' dir='ltr'>autern</span> <span class='ocrx_word' id='word_1_117' title='bbox 913 3147 997 3200; x_wconf 82' lang='lat' dir='ltr'>codex</span> <span class='ocrx_word' id='word_1_118' title='bbox 1016 3148 1079 3201; x_wconf 81' lang='lat' dir='ltr'>nihil</span> <span class='ocrx_word' id='word_1_119' title='bbox 1096 3151 1158 3202; x_wconf 87' lang='lat' dir='ltr'>nisi:</span> 
     </span>
     <span class='ocr_line' id='line_1_18' title="bbox 28 3213 1160 3292; baseline 0.007 -26"><span class='ocrx_word' id='word_1_120' title='bbox 28 3213 63 3266; x_wconf 74' lang='lat' dir='ltr'>llic</span> <span class='ocrx_word' id='word_1_121' title='bbox 84 3229 124 3270; x_wconf 85' lang='lat' dir='ltr'>est</span> <span class='ocrx_word' id='word_1_122' title='bbox 149 3219 277 3292; x_wconf 73' lang='lat' dir='ltr'>defectum</span> <span class='ocrx_word' id='word_1_123' title='bbox 302 3218 332 3270; x_wconf 86' lang='lat' dir='ltr'>in</span> <span class='ocrx_word' id='word_1_124' title='bbox 356 3238 409 3290; x_wconf 83' lang='lat' dir='ltr'>quo</span> <span class='ocrx_word' id='word_1_125' title='bbox 434 3226 476 3269; x_wconf 85' lang='lat' dir='ltr'>est</span> <span class='ocrx_word' id='word_1_126' title='bbox 496 3218 658 3287; x_wconf 84' lang='lat' dir='ltr'>principium</span> <span class='ocrx_word' id='word_1_127' title='bbox 682 3217 710 3271; x_wconf 88' lang='lat' dir='ltr'>ti.</span> <span class='ocrx_word' id='word_1_128' title='bbox 735 3219 800 3272; x_wconf 87' lang='lat' dir='ltr'><em>VII.</em></span> <span class='ocrx_word' id='word_1_129' title='bbox 911 3221 1019 3273; x_wconf 89' lang='lat' dir='ltr'>Illorum</span> <span class='ocrx_word' id='word_1_130' title='bbox 1037 3223 1160 3283; x_wconf 81' lang='lat' dir='ltr'>librorum</span> 
     </span>
     <span class='ocr_line' id='line_1_19' title="bbox 28 3289 1161 3358; baseline 0.007 -22"><span class='ocrx_word' id='word_1_131' title='bbox 28 3289 116 3342; x_wconf 86' lang='lat' dir='ltr'>scribae</span> <span class='ocrx_word' id='word_1_132' title='bbox 143 3298 175 3346; x_wconf 89' lang='lat' dir='ltr'>ut</span> <span class='ocrx_word' id='word_1_133' title='bbox 205 3291 250 3344; x_wconf 85' lang='lat' dir='ltr'>alii</span> <span class='ocrx_word' id='word_1_134' title='bbox 275 3306 369 3355; x_wconf 91' lang='lat' dir='ltr'>unum,</span> <span class='ocrx_word' id='word_1_135' title='bbox 399 3290 444 3342; x_wconf 90' lang='lat' dir='ltr'>alii</span> <span class='ocrx_word' id='word_1_136' title='bbox 468 3305 561 3343; x_wconf 85' lang='lat' dir='ltr'>novem</span> <span class='ocrx_word' id='word_1_137' title='bbox 588 3290 650 3342; x_wconf 86' lang='lat' dir='ltr'>folia</span> <span class='ocrx_word' id='word_1_138' title='bbox 675 3289 767 3342; x_wconf 84' lang='lat' dir='ltr'>deesse</span> <span class='ocrx_word' id='word_1_139' title='bbox 793 3296 950 3358; x_wconf 75' lang='lat' dir='ltr'>statuerent,</span> <span class='ocrx_word' id='word_1_140' title='bbox 979 3289 1038 3345; x_wconf 88' lang='lat' dir='ltr'>hino</span> <span class='ocrx_word' id='word_1_141' title='bbox 1064 3293 1161 3344; x_wconf 89' lang='lat' dir='ltr'>lactum</span> 
     </span>
     <span class='ocr_line' id='line_1_20' title="bbox 29 3361 1161 3432; baseline 0.006 -25"><span class='ocrx_word' id='word_1_142' title='bbox 29 3361 152 3430; x_wconf 71' lang='lat' dir='ltr'>existimo,</span> <span class='ocrx_word' id='word_1_143' title='bbox 171 3362 244 3430; x_wconf 91' lang='lat' dir='ltr'>quod</span> <span class='ocrx_word' id='word_1_144' title='bbox 262 3361 289 3420; x_wconf 86' lang='lat' dir='ltr'>hi</span> <span class='ocrx_word' id='word_1_145' title='bbox 306 3363 390 3414; x_wconf 87' lang='lat' dir='ltr'>totum</span> <span class='ocrx_word' id='word_1_146' title='bbox 408 3363 601 3428; x_wconf 83' lang='lat' dir='ltr'>quaternionem</span> <span class='ocrx_word' id='word_1_147' title='bbox 620 3377 679 3414; x_wconf 91' lang='lat' dir='ltr'>cum</span> <span class='ocrx_word' id='word_1_148' title='bbox 697 3361 760 3414; x_wconf 83' lang='lat' dir='ltr'>lolio</span> <span class='ocrx_word' id='word_1_149' title='bbox 778 3379 830 3416; x_wconf 86' lang='lat' dir='ltr'>uuo</span> <span class='ocrx_word' id='word_1_150' title='bbox 847 3365 959 3432; x_wconf 81' lang='lat' dir='ltr'>proximi</span> <span class='ocrx_word' id='word_1_151' title='bbox 976 3365 1161 3430; x_wconf 80' lang='lat' dir='ltr'>quaternionis,</span> 
     </span>
     <span class='ocr_line' id='line_1_21' title="bbox 29 3429 1161 3503; baseline 0.007 -25"><span class='ocrx_word' id='word_1_152' title='bbox 29 3429 124 3486; x_wconf 91' lang='lat' dir='ltr'>illinon</span> <span class='ocrx_word' id='word_1_153' title='bbox 142 3435 357 3502; x_wconf 82' lang='lat' dir='ltr'>quaternionem,</span> <span class='ocrx_word' id='word_1_154' title='bbox 382 3434 428 3486; x_wconf 88' lang='lat' dir='ltr'>sed</span> <span class='ocrx_word' id='word_1_155' title='bbox 447 3433 536 3486; x_wconf 91' lang='lat' dir='ltr'>lolium</span> <span class='ocrx_word' id='word_1_156' title='bbox 554 3440 653 3486; x_wconf 90' lang='lat' dir='ltr'>tautum</span> <span class='ocrx_word' id='word_1_157' title='bbox 671 3434 798 3486; x_wconf 85' lang='lat' dir='ltr'>excidisse</span> <span class='ocrx_word' id='word_1_158' title='bbox 817 3437 988 3503; x_wconf 58' lang='lat' dir='ltr'>putaverint„</span> <span class='ocrx_word' id='word_1_159' title='bbox 1007 3437 1095 3502; x_wconf 84' lang='lat' dir='ltr'>Atque</span> <span class='ocrx_word' id='word_1_160' title='bbox 1113 3433 1161 3487; x_wconf 87' lang='lat' dir='ltr'>lro-</span> 
     </span>
     <span class='ocr_line' id='line_1_22' title="bbox 29 3505 1194 3574; baseline 0.002 -19"><span class='ocrx_word' id='word_1_161' title='bbox 29 3515 76 3555; x_wconf 83' lang='lat' dir='ltr'>rum</span> <span class='ocrx_word' id='word_1_162' title='bbox 98 3509 246 3560; x_wconf 88' lang='lat' dir='ltr'>sentcntiae</span> <span class='ocrx_word' id='word_1_163' title='bbox 269 3507 326 3574; x_wconf 88' lang='lat' dir='ltr'>ipse</span> <span class='ocrx_word' id='word_1_164' title='bbox 351 3507 463 3571; x_wconf 79' lang='lat' dir='ltr'>accessi,</span> <span class='ocrx_word' id='word_1_165' title='bbox 491 3505 560 3572; x_wconf 92' lang='lat' dir='ltr'>quod</span> <span class='ocrx_word' id='word_1_166' title='bbox 580 3521 611 3557; x_wconf 88' lang='lat' dir='ltr'>ea</span> <span class='ocrx_word' id='word_1_167' title='bbox 628 3511 839 3571; x_wconf 80' lang='lat' dir='ltr'>argumentorum</span> <span class='ocrx_word' id='word_1_168' title='bbox 856 3508 946 3573; x_wconf 86' lang='lat' dir='ltr'>copia,</span> <span class='ocrx_word' id='word_1_169' title='bbox 975 3521 1027 3571; x_wconf 88' lang='lat' dir='ltr'>qua</span> <span class='ocrx_word' id='word_1_170' title='bbox 1049 3508 1162 3574; x_wconf 86' lang='lat' dir='ltr'>scriptor</span> <span class='ocrx_word' id='word_1_171' title='bbox 1190 3537 1194 3544; x_wconf 91' lang='lat'><em>-</em></span> 
     </span>
     <span class='ocr_line' id='line_1_23' title="bbox 29 3569 1161 3646; baseline 0.003 -22"><span class='ocrx_word' id='word_1_172' title='bbox 29 3569 67 3626; x_wconf 88' lang='lat' dir='ltr'>lX.</span> <span class='ocrx_word' id='word_1_173' title='bbox 89 3576 152 3631; x_wconf 83' lang='lat' dir='ltr'>lolia</span> <span class='ocrx_word' id='word_1_174' title='bbox 177 3578 340 3646; x_wconf 86' lang='lat' dir='ltr'>impleverit,</span> <span class='ocrx_word' id='word_1_175' title='bbox 366 3578 434 3630; x_wconf 90' lang='lat' dir='ltr'>inter</span> <span class='ocrx_word' id='word_1_176' title='bbox 458 3579 535 3630; x_wconf 91' lang='lat' dir='ltr'>finem</span> <span class='ocrx_word' id='word_1_177' title='bbox 559 3578 627 3630; x_wconf 84' lang='lat' dir='ltr'>sexti</span> <span class='ocrx_word' id='word_1_178' title='bbox 649 3576 708 3629; x_wconf 88' lang='lat' dir='ltr'>libri</span> <span class='ocrx_word' id='word_1_179' title='bbox 735 3583 762 3630; x_wconf 89' lang='lat' dir='ltr'>et</span> <span class='ocrx_word' id='word_1_180' title='bbox 785 3580 920 3644; x_wconf 84' lang='lat' dir='ltr'>sequeutia</span> <span class='ocrx_word' id='word_1_181' title='bbox 943 3578 1037 3629; x_wconf 79' lang='lat' dir='ltr'>verba:</span> <span class='ocrx_word' id='word_1_182' title='bbox 1069 3595 1161 3646; x_wconf 81' lang='lat' dir='ltr'>repens</span> 
     </span>
     <span class='ocr_line' id='line_1_24' title="bbox 29 3645 1162 3718; baseline 0.007 -25"><span class='ocrx_word' id='word_1_183' title='bbox 29 3645 99 3696; x_wconf 78' lang='lat' dir='ltr'>ruina</span> <span class='ocrx_word' id='word_1_184' title='bbox 124 3650 250 3718; x_wconf 80' lang='lat' dir='ltr'>operuit,</span> <span class='ocrx_word' id='word_1_185' title='bbox 274 3649 418 3714; x_wconf 82' lang='lat' dir='ltr'>excogitari</span> <span class='ocrx_word' id='word_1_186' title='bbox 444 3665 495 3701; x_wconf 93' lang='lat' dir='ltr'>non</span> <span class='ocrx_word' id='word_1_187' title='bbox 520 3654 614 3718; x_wconf 89' lang='lat' dir='ltr'>potest.</span> <span class='ocrx_word' id='word_1_188' title='bbox 651 3648 706 3701; x_wconf 89' lang='lat' dir='ltr'>Sed</span> <span class='ocrx_word' id='word_1_189' title='bbox 725 3655 782 3702; x_wconf 89' lang='lat' dir='ltr'>erat</span> <span class='ocrx_word' id='word_1_190' title='bbox 800 3648 873 3700; x_wconf 90' lang='lat' dir='ltr'>huius</span> <span class='ocrx_word' id='word_1_191' title='bbox 891 3649 943 3700; x_wconf 91' lang='lat' dir='ltr'>loci</span> <span class='ocrx_word' id='word_1_192' title='bbox 960 3647 1040 3713; x_wconf 90' lang='lat' dir='ltr'>nihii,</span> <span class='ocrx_word' id='word_1_193' title='bbox 1064 3650 1114 3701; x_wconf 90' lang='lat' dir='ltr'>nisi</span> <span class='ocrx_word' id='word_1_194' title='bbox 1132 3657 1162 3701; x_wconf 90' lang='lat' dir='ltr'>ut</span> 
     </span>
     <span class='ocr_line' id='line_1_25' title="bbox 27 3715 1166 3788; baseline 0.004 -22"><span class='ocrx_word' id='word_1_195' title='bbox 27 3715 176 3774; x_wconf 88' lang='lat' dir='ltr'>indicaretur</span> <span class='ocrx_word' id='word_1_196' title='bbox 194 3726 375 3788; x_wconf 80' lang='lat' dir='ltr'>argumentum</span> <span class='ocrx_word' id='word_1_197' title='bbox 393 3719 442 3772; x_wconf 90' lang='lat' dir='ltr'>hoc</span> <span class='ocrx_word' id='word_1_198' title='bbox 460 3721 527 3773; x_wconf 92' lang='lat' dir='ltr'>libro</span> <span class='ocrx_word' id='word_1_199' title='bbox 545 3721 723 3786; x_wconf 88' lang='lat' dir='ltr'>tractandum,</span> <span class='ocrx_word' id='word_1_200' title='bbox 742 3720 835 3772; x_wconf 90' lang='lat' dir='ltr'>deiude</span> <span class='ocrx_word' id='word_1_201' title='bbox 848 3727 884 3772; x_wconf 89' lang='lat' dir='ltr'>ut</span> <span class='ocrx_word' id='word_1_202' title='bbox 901 3725 1091 3788; x_wconf 82' lang='lat' dir='ltr'>exponeretur,</span> <span class='ocrx_word' id='word_1_203' title='bbox 1110 3736 1166 3787; x_wconf 68' lang='lat' dir='ltr'>qua,</span> 
     </span>
     <span class='ocr_line' id='line_1_26' title="bbox 28 3783 1192 3860; baseline 0.006 -24"><span class='ocrx_word' id='word_1_204' title='bbox 28 3783 171 3846; x_wconf 83' lang='lat' dir='ltr'>difficultate</span> <span class='ocrx_word' id='word_1_205' title='bbox 191 3809 223 3845; x_wconf 89' lang='lat' dir='ltr'>ea</span> <span class='ocrx_word' id='word_1_206' title='bbox 242 3792 382 3860; x_wconf 89' lang='lat' dir='ltr'>disputatio</span> <span class='ocrx_word' id='word_1_207' title='bbox 406 3793 546 3846; x_wconf 80' lang='lat' dir='ltr'>laboraret.</span> <span class='ocrx_word' id='word_1_208' title='bbox 588 3793 647 3844; x_wconf 90' lang='lat' dir='ltr'>Hae</span> <span class='ocrx_word' id='word_1_209' title='bbox 671 3791 705 3843; x_wconf 89' lang='lat' dir='ltr'>da</span> <span class='ocrx_word' id='word_1_210' title='bbox 723 3807 751 3844; x_wconf 88' lang='lat' dir='ltr'>re</span> <span class='ocrx_word' id='word_1_211' title='bbox 770 3788 897 3858; x_wconf 81' lang='lat' dir='ltr'>quaedam</span> <span class='ocrx_word' id='word_1_212' title='bbox 916 3792 1081 3857; x_wconf 85' lang='lat' dir='ltr'>exciderunt,</span> <span class='ocrx_word' id='word_1_213' title='bbox 1110 3808 1161 3844; x_wconf 90' lang='lat' dir='ltr'>non</span> <span class='ocrx_word' id='word_1_214' title='bbox 1189 3811 1192 3818; x_wconf 91' lang='lat'>·</span> 
     </span>
     <span class='ocr_line' id='line_1_27' title="bbox 27 3862 1162 3932; baseline 0.005 -24"><span class='ocrx_word' id='word_1_215' title='bbox 27 3862 103 3914; x_wconf 87' lang='lat' dir='ltr'>multa.</span> <span class='ocrx_word' id='word_1_216' title='bbox 276 3865 446 3931; x_wconf 83' lang='lat' dir='ltr'>[Temporum</span> <span class='ocrx_word' id='word_1_217' title='bbox 466 3897 581 3918; x_wconf 84' lang='lat'><strong>.....</strong></span> <span class='ocrx_word' id='word_1_218' title='bbox 601 3863 724 3932; x_wconf 81' lang='lat' dir='ltr'>dr&#39;fficilr&#39;o</span> <span class='ocrx_word' id='word_1_219' title='bbox 747 3864 839 3929; x_wconf 84' lang='lat' dir='ltr'>nam]]</span> <span class='ocrx_word' id='word_1_220' title='bbox 872 3866 950 3913; x_wconf 86' lang='lat' dir='ltr'>Haec</span> <span class='ocrx_word' id='word_1_221' title='bbox 975 3863 1162 3932; x_wconf 81' lang='lat' dir='ltr'>interpolando</span> 
     </span>
     <span class='ocr_line' id='line_1_28' title="bbox 28 3930 1162 4003; baseline 0.009 -27"><span class='ocrx_word' id='word_1_222' title='bbox 28 3930 113 3984; x_wconf 83' lang='lat' dir='ltr'>addita</span> <span class='ocrx_word' id='word_1_223' title='bbox 132 3950 194 3988; x_wconf 87' lang='lat' dir='ltr'>esse</span> <span class='ocrx_word' id='word_1_224' title='bbox 213 3937 306 4000; x_wconf 86' lang='lat' dir='ltr'>statui,</span> <span class='ocrx_word' id='word_1_225' title='bbox 331 3937 441 4003; x_wconf 90' lang='lat' dir='ltr'>primum</span> <span class='ocrx_word' id='word_1_226' title='bbox 459 3937 518 4000; x_wconf 89' lang='lat' dir='ltr'>quia</span> <span class='ocrx_word' id='word_1_227' title='bbox 538 3937 631 3987; x_wconf 90' lang='lat' dir='ltr'>desunt</span> <span class='ocrx_word' id='word_1_228' title='bbox 647 3937 673 3988; x_wconf 93' lang='lat' dir='ltr'>iu</span> <span class='ocrx_word' id='word_1_229' title='bbox 692 3935 811 3988; x_wconf 84' lang='lat' dir='ltr'>FGHab.</span> <span class='ocrx_word' id='word_1_230' title='bbox 836 3936 862 3988; x_wconf 90' lang='lat' dir='ltr'>in</span> <span class='ocrx_word' id='word_1_231' title='bbox 880 3935 1013 3988; x_wconf 85' lang='lat' dir='ltr'>Vaticanis</span> <span class='ocrx_word' id='word_1_232' title='bbox 1031 3939 1107 4000; x_wconf 51' lang='lat' dir='ltr'>afta,</span> <span class='ocrx_word' id='word_1_233' title='bbox 1135 3935 1162 3986; x_wconf 90' lang='lat' dir='ltr'>iu</span> 
     </span>
     <span class='ocr_line' id='line_1_29' title="bbox 28 3999 1161 4074; baseline 0.005 -22"><span class='ocrx_word' id='word_1_234' title='bbox 28 3999 160 4060; x_wconf 85' lang='lat' dir='ltr'>Mutinensi</span> <span class='ocrx_word' id='word_1_235' title='bbox 180 4012 209 4058; x_wconf 86' lang='lat' dir='ltr'>at</span> <span class='ocrx_word' id='word_1_236' title='bbox 226 4007 432 4072; x_wconf 83' lang='lat' dir='ltr'>Guelferbytano</span> <span class='ocrx_word' id='word_1_237' title='bbox 450 4007 529 4071; x_wconf 86' lang='lat' dir='ltr'>libro,</span> <span class='ocrx_word' id='word_1_238' title='bbox 554 4007 647 4059; x_wconf 89' lang='lat' dir='ltr'>adsunt</span> <span class='ocrx_word' id='word_1_239' title='bbox 671 4012 771 4058; x_wconf 84' lang='lat' dir='ltr'>tautum</span> <span class='ocrx_word' id='word_1_240' title='bbox 796 4009 822 4059; x_wconf 90' lang='lat' dir='ltr'>in</span> <span class='ocrx_word' id='word_1_241' title='bbox 848 4006 905 4058; x_wconf 87' lang='lat' dir='ltr'>cod.</span> <span class='ocrx_word' id='word_1_242' title='bbox 925 4007 957 4058; x_wconf 88' lang='lat' dir='ltr'>B.</span> <span class='ocrx_word' id='word_1_243' title='bbox 977 4013 1003 4058; x_wconf 88' lang='lat' dir='ltr'>et</span> <span class='ocrx_word' id='word_1_244' title='bbox 1021 4007 1161 4074; x_wconf 88' lang='lat' dir='ltr'>Lipsiensi,</span> 
     </span>
     <span class='ocr_line' id='line_1_30' title="bbox 29 4073 1161 4146; baseline 0.006 -23"><span class='ocrx_word' id='word_1_245' title='bbox 29 4075 66 4136; x_wconf 89' lang='lat' dir='ltr'>qui</span> <span class='ocrx_word' id='word_1_246' title='bbox 82 4078 144 4130; x_wconf 87' lang='lat' dir='ltr'>edit.</span> <span class='ocrx_word' id='word_1_247' title='bbox 162 4078 289 4146; x_wconf 87' lang='lat' dir='ltr'>&#39;principis</span> <span class='ocrx_word' id='word_1_248' title='bbox 307 4081 383 4146; x_wconf 88' lang='lat' dir='ltr'>plane</span> <span class='ocrx_word' id='word_1_249' title='bbox 401 4079 527 4144; x_wconf 85' lang='lat' dir='ltr'>gemellus</span> <span class='ocrx_word' id='word_1_250' title='bbox 551 4073 608 4130; x_wconf 70' lang='lat' dir='ltr'>esti</span> <span class='ocrx_word' id='word_1_251' title='bbox 633 4093 667 4130; x_wconf 84' lang='lat' dir='ltr'>ex</span> <span class='ocrx_word' id='word_1_252' title='bbox 685 4095 736 4145; x_wconf 87' lang='lat' dir='ltr'>qua</span> <span class='ocrx_word' id='word_1_253' title='bbox 755 4093 787 4130; x_wconf 88' lang='lat' dir='ltr'>ea</span> <span class='ocrx_word' id='word_1_254' title='bbox 810 4079 837 4130; x_wconf 92' lang='lat' dir='ltr'>in</span> <span class='ocrx_word' id='word_1_255' title='bbox 862 4084 964 4129; x_wconf 87' lang='lat' dir='ltr'>ceteros</span> <span class='ocrx_word' id='word_1_256' title='bbox 988 4078 1067 4130; x_wconf 87' lang='lat' dir='ltr'>libros</span> <span class='ocrx_word' id='word_1_257' title='bbox 1091 4081 1161 4145; x_wconf 88' lang='lat' dir='ltr'>typis</span> 
     </span>
     <span class='ocr_line' id='line_1_31' title="bbox 27 4144 1162 4218; baseline 0.005 -24"><span class='ocrx_word' id='word_1_258' title='bbox 27 4144 158 4212; x_wconf 87' lang='lat' dir='ltr'>impressos</span> <span class='ocrx_word' id='word_1_259' title='bbox 171 4155 317 4217; x_wconf 79' lang='lat' dir='ltr'>propagata</span> <span class='ocrx_word' id='word_1_260' title='bbox 334 4157 401 4206; x_wconf 88' lang='lat' dir='ltr'>sunt.</span> <span class='ocrx_word' id='word_1_261' title='bbox 433 4150 503 4201; x_wconf 67' lang='lat' dir='ltr'>&#39;Tum</span> <span class='ocrx_word' id='word_1_262' title='bbox 522 4151 582 4214; x_wconf 90' lang='lat' dir='ltr'>quia</span> <span class='ocrx_word' id='word_1_263' title='bbox 599 4149 661 4201; x_wconf 90' lang='lat' dir='ltr'>nihil</span> <span class='ocrx_word' id='word_1_264' title='bbox 679 4151 819 4215; x_wconf 87' lang='lat' dir='ltr'>continent,</span> <span class='ocrx_word' id='word_1_265' title='bbox 838 4150 907 4217; x_wconf 93' lang='lat' dir='ltr'>quod</span> <span class='ocrx_word' id='word_1_266' title='bbox 924 4151 1093 4218; x_wconf 86' lang='lat' dir='ltr'>interpolator</span> <span class='ocrx_word' id='word_1_267' title='bbox 1110 4165 1162 4202; x_wconf 89' lang='lat' dir='ltr'>uon</span> 
     </span>
     <span class='ocr_line' id='line_1_32' title="bbox 29 4221 1163 4288; baseline 0.005 -22"><span class='ocrx_word' id='word_1_268' title='bbox 29 4223 134 4279; x_wconf 88' lang='lat' dir='ltr'>potuerit</span> <span class='ocrx_word' id='word_1_269' title='bbox 161 4223 277 4274; x_wconf 76' lang='lat' dir='ltr'>axeliis</span> <span class='ocrx_word' id='word_1_270' title='bbox 302 4223 383 4286; x_wconf 88' lang='lat' dir='ltr'>locis,</span> <span class='ocrx_word' id='word_1_271' title='bbox 407 4221 532 4288; x_wconf 89' lang='lat' dir='ltr'>imprimis</span> <span class='ocrx_word' id='word_1_272' title='bbox 551 4237 585 4272; x_wconf 84' lang='lat' dir='ltr'>ex</span> <span class='ocrx_word' id='word_1_273' title='bbox 602 4223 636 4285; x_wconf 91' lang='lat' dir='ltr'>V,</span> <span class='ocrx_word' id='word_1_274' title='bbox 655 4225 716 4275; x_wconf 85' lang='grc'><strong>184.</strong></span> <span class='ocrx_word' id='word_1_275' title='bbox 742 4221 795 4286; x_wconf 88' lang='lat' dir='ltr'>vl,</span> <span class='ocrx_word' id='word_1_276' title='bbox 821 4225 846 4273; x_wconf 92' lang='lat'>1.</span> <span class='ocrx_word' id='word_1_277' title='bbox 865 4225 926 4286; x_wconf 58' lang='lat'>97„</span> <span class='ocrx_word' id='word_1_278' title='bbox 948 4237 1050 4274; x_wconf 87' lang='lat' dir='ltr'>sumere</span> <span class='ocrx_word' id='word_1_279' title='bbox 1069 4228 1095 4274; x_wconf 90' lang='lat' dir='ltr'>et</span> <span class='ocrx_word' id='word_1_280' title='bbox 1113 4221 1163 4272; x_wconf 88' lang='lat' dir='ltr'>huc</span> 
     </span>
     <span class='ocr_line' id='line_1_33' title="bbox 28 4290 1163 4360; baseline 0.004 -22"><span class='ocrx_word' id='word_1_281' title='bbox 28 4290 175 4346; x_wconf 75' lang='lat' dir='ltr'>transferret</span> <span class='ocrx_word' id='word_1_282' title='bbox 202 4293 272 4359; x_wconf 88' lang='lat' dir='ltr'>quod</span> <span class='ocrx_word' id='word_1_283' title='bbox 288 4295 386 4346; x_wconf 88' lang='lat' dir='ltr'>notarit</span> <span class='ocrx_word' id='word_1_284' title='bbox 403 4295 480 4345; x_wconf 89' lang='lat' dir='ltr'>etiam</span> <span class='ocrx_word' id='word_1_285' title='bbox 499 4293 670 4358; x_wconf 79' lang='lat' dir='ltr'>Spengelius,</span> <span class='ocrx_word' id='word_1_286' title='bbox 688 4293 733 4359; x_wconf 92' lang='lat' dir='ltr'>qui</span> <span class='ocrx_word' id='word_1_287' title='bbox 750 4310 776 4360; x_wconf 90' lang='lat' dir='ltr'>p.</span> <span class='ocrx_word' id='word_1_288' title='bbox 789 4293 835 4344; x_wconf 90' lang='lat' dir='ltr'>Ll.</span> <span class='ocrx_word' id='word_1_289' title='bbox 853 4293 952 4345; x_wconf 90' lang='lat' dir='ltr'>cautius</span> <span class='ocrx_word' id='word_1_290' title='bbox 970 4293 1004 4344; x_wconf 93' lang='lat' dir='ltr'>de</span> <span class='ocrx_word' id='word_1_291' title='bbox 1022 4292 1045 4345; x_wconf 91' lang='lat' dir='ltr'>h.</span> <span class='ocrx_word' id='word_1_292' title='bbox 1058 4295 1074 4346; x_wconf 70' lang='lat' dir='ltr'>l.</span> <span class='ocrx_word' id='word_1_293' title='bbox 1095 4291 1163 4344; x_wconf 90' lang='lat' dir='ltr'>iudi-</span> 
     </span>
     <span class='ocr_line' id='line_1_34' title="bbox 29 4360 1164 4434; baseline 0.004 -24"><span class='ocrx_word' id='word_1_294' title='bbox 29 4360 88 4413; x_wconf 80' lang='lat' dir='ltr'>cavit</span> <span class='ocrx_word' id='word_1_295' title='bbox 104 4379 183 4430; x_wconf 85' lang='lat' dir='ltr'>quam</span> <span class='ocrx_word' id='word_1_296' title='bbox 204 4381 229 4432; x_wconf 87' lang='lat' dir='ltr'>p.</span> <span class='ocrx_word' id='word_1_297' title='bbox 242 4369 304 4418; x_wconf 73' lang='lat'>279.</span> <span class='ocrx_word' id='word_1_298' title='bbox 341 4364 508 4417; x_wconf 83' lang='lat' dir='ltr'>Manifestum</span> <span class='ocrx_word' id='word_1_299' title='bbox 527 4369 629 4427; x_wconf 89' lang='lat' dir='ltr'>autem,</span> <span class='ocrx_word' id='word_1_300' title='bbox 655 4380 687 4414; x_wconf 88' lang='lat' dir='ltr'>en</span> <span class='ocrx_word' id='word_1_301' title='bbox 711 4365 790 4416; x_wconf 86' lang='lat' dir='ltr'>verba</span> <span class='ocrx_word' id='word_1_302' title='bbox 811 4365 844 4416; x_wconf 90' lang='lat' dir='ltr'>ab</span> <span class='ocrx_word' id='word_1_303' title='bbox 869 4365 1059 4434; x_wconf 52' lang='lat' dir='ltr'>interpolatore*</span> <span class='ocrx_word' id='word_1_304' title='bbox 1077 4364 1164 4434; x_wconf 85' lang='lat' dir='ltr'>addita</span> 
     </span>
    </p>

    <p class='ocr_par' dir='ltr' id='par_1_11' title="bbox 706 4459 753 4525">
     <span class='ocr_line' id='line_1_35' title="bbox 706 4459 753 4525; baseline 0 -34"><span class='ocrx_word' id='word_1_305' title='bbox 706 4459 753 4525; x_wconf 70' lang='grc'>8*</span> 
     </span>
    </p>
   </div>
   <div class='ocr_carea' id='block_1_11' title="bbox 200 4545 217 4582">
    <p class='ocr_par' dir='ltr' id='par_1_12' title="bbox 200 4545 217 4582">
     <span class='ocr_line' id='line_1_36' title="bbox 200 4545 217 4582; baseline 0 0"><span class='ocrx_word' id='word_1_306' title='bbox 200 4545 217 4582; x_wconf 50' lang='grc' dir='ltr'>ἢ</span> 
     </span>
    </p>
   </div>
   <div class='ocr_carea' id='block_1_12' title="bbox 0 0 1440 4814">
    <p class='ocr_par' dir='ltr' id='par_1_13' title="bbox 0 0 1440 4814">
     <span class='ocr_line' id='line_1_37' title="bbox 0 0 1440 4814; baseline 0 0"><span class='ocrx_word' id='word_1_307' title='bbox 0 0 1440 4814; x_wconf 95' lang='lat' dir='ltr'> </span> 
     </span>
    </p>
   </div>
  </div>
 </body>
</html>
