2890 4820
225 905 281 984 Μ.
336 899 616 979 TERENTI
666 898 985 982 VARRONIS
1072 949 1087 972 .

106 1091 210 1176 ΒΕ
292 1087 652 1174 LINGUA
734 1081 1099 1176 LATINA

354 1288 427 1356 ll)
470 1287 855 1356 CICERONEM

410 1459 550 1514 menn
585 1455 797 1517 omerus

315 1619 881 1639 ua--n—-a-t—--n--n--tv—-n-o--nd-

22 1867 67 1943 l.
139 1955 142 1960 ¹
181 1871 447 1946 uemadmodum
475 1859 645 1946 vocabula
675 1881 790 1944 essent
817 1872 976 1968 imposita
1002 1866 1106 1944 rebus
1132 1873 1168 1943 in
1179 1863 1291 1940 Geel

40 1969 147 2073 lingua
182 1973 331 2067 Latina,
375 2001 437 2046 sex
468 1973 567 2046 libris
601 1997 773 2069 exponere
806 1973 950 2044 institui.
1021 1973 1077 2045 De
1112 1971 1230 2091 bisin:3

39 2077 92 2145 tris
121 2087 202 2148 ante
234 2073 329 2147 hune
362 2076 451 2168 leci,
495 2099 584 2172 quos
618 2074 800 2172 Septumio
830 2076 928 2145 misi:
969 2076 1005 2146 in
1041 2058 1263 2178 quibuspfig)

40 2188 85 2246 est
112 2177 155 2250 de
185 2177 390 2274 disciplina,
429 2180 543 2274 ququ
559 2185 685 2248 vocant
718 2171 1008 2272 ἐτυμολογιχῆν,
1067 2176 1271 2304 Quaenulrpr.

40 2290 148 2349 contra
174 2305 251 2350 eam
276 2278 494 2370 dicerentur,
531 2277 705 2349 volumine
730 2280 863 2374 primo:
903 2303 992 2375 quae
1020 2305 1085 2378 pro
1110 2271 1249 2371 emp·-

40 2381 202 2453 secundo:
243 2405 332 2476 quae
361 2379 404 2450 de
434 2405 496 2469 ca,
534 2379 646 2448 tertio.
711 2376 756 2447 ln
787 2375 842 2449 lris
868 2377 913 2449 ad
937 2390 972 2451 te
1000 2353 1275 2474 scribamflffli·

40 2481 198 2577 aqrrihus
221 2479 328 2552 rebus
353 2479 524 2552 voeabula
548 2476 706 2575 imposita
729 2479 798 2549 sint
822 2480 860 2549 in
882 2479 1001 2578 lingua
1023 2479 1163 2575 Latina,

41 2593 68 2652 ct
89 2610 126 2672 ea
142 2609 242 2683 quae
268 2585 413 2655 suntin
439 2580 687 2655 consuetudine
712 2577 806 2679 apud
831 2589 963 2680 poetas.
1177 2614 1208 2658 15

1177 2671 1221 2683 -ι-

78 2801 81 2810 ’
114 2786 314 2855 Inscriptio
338 2786 423 2838 libri
450 2789 476 2839 iu
505 2784 580 2840 codd.
606 2786 676 2838 rarle
703 2784 814 2838 traditur
841 2790 868 2838 et
894 2787 977 2854 magis
1001 2805 1017 2841 e
1042 2783 1167 2842 Varronis

41 2853 114 2913 serbis
138 2859 232 2911 effecta
258 2873 330 2922 esse,
363 2875 438 2924 qnam
462 2857 695 2924 antIquissimorum
722 2858 845 2909 librorum
871 2858 1019 2928 incorrupta
1043 2861 1095 2913 fide
1108 2861 1166 2912 vulti

41 2927 135 2982 u‘detur.
206 2928 389 2996 TERENTl]
408 2929 475 2984 hunc
493 2931 633 2996 genitivum
652 2929 746 2980 retinui
764 2929 839 2982 exF.
872 2930 918 2982 Sic
933 2929 1040 2982 Pacuvi
1051 2932 1083 2985 V.
1105 2935 1164 2995 §.t

41 2997 101 3047 Enni
123 3002 155 3066 V,
173 3006 217 3053 66.
255 3000 366 3051 Lanuvi
389 3002 422 3065 V,
441 3004 502 3054 162.
538 2999 618 3052 Mani
636 2999 696 3066 filii
720 2999 773 3063 vl,
791 3003 835 3052 90.
865 3000 898 3051 el.
917 3001 994 3065 VIII,
1012 3005 1055 3053 36.
1097 3001 1166 3053 Nam

40 3065 158 3124 Romanos
180 3080 238 3124 tum
262 3072 386 3140 temporis
403 3073 441 3124 sic
466 3074 567 3124 locutos
588 3087 645 3122 esse
665 3075 782 3135 constat,
806 3083 949 3135 quanquam
968 3072 1085 3125 Varrone
1107 3073 1166 3141 ipso

40 3138 189 3196 dissuadente
215 3142 302 3211 (quod
326 3159 342 3194 a
367 3141 484 3194 Cilurisio
502 3144 528 3208 Ι,
553 3147 589 3194 59
614 3158 653 3207 sq.
677 3139 782 3192 Putseh.
803 3141 871 3192 tradi
893 3141 1022 3194 intellexit
1044 3145 1165 3212 Spenge-

40 3208 100 3278 lius).
135 3217 187 3272 Qui
211 3214 314 3266 etiarnsi
337 3229 410 3266 nsurn
434 3220 564 3266 vetustum
589 3212 725 3264 emendare
742 3211 861 3276 volabat,
888 3228 939 3265 nou
957 3221 1059 3282 poterat
1076 3217 1164 3268 statim

39 3280 60 3332 in
75 3285 235 3355 inscriptIone
254 3285 287 3336 ab
309 3301 341 3336 ao
359 3285 511 3337 desciscere.
548 3284 589 3336 Ol.
608 3283 758 3336 Suerclsioei
776 3283 911 3336 Vindiciae
930 3289 1062 3353 praecepti
1080 3288 1164 3338 Bent-

40 3351 105 3406 leianl
121 3358 153 3410 de
170 3360 251 3424 genic.
271 3356 352 3408 snbst.
372 3357 397 3408 in
415 3358 474 3409 IUS
493 3362 520 3408 et
536 3355 606 3408 IUM
624 3354 803 3407 desInentium.
876 3356 1049 3421 QUINTUS]
1064 3358 1109 3421 Ε,
1136 3356 1164 3408 iu

39 3422 189 3494 inscriptione
207 3429 331 3480 librorum
349 3429 393 3494 qui
411 3433 533 3479 secuntur
553 3427 602 3479 sibi
624 3431 752 3478 constans.
793 3424 944 3492 Eademque
962 3428 1061 3478 ratione
1083 3428 1164 3480 libros

40 3507 160 3552 numerant
179 3499 256 3553 codd.
276 3499 394 3552 Vaticani
411 3503 484 3550 3308
501 3505 529 3551 et
547 3501 627 3551 1556.
663 3498 749 3552 Quam
770 3497 911 3563 antiquitus
932 3498 1054 3549 usitatam
1073 3497 1162 3563 lubre

40 3567 178 3635 SpengeIIns
197 3571 276 3624 evicit
301 3572 411 3622 testibus
435 3569 625 3622 Grammaticis.
677 3567 834 3634 obloquitur
861 3567 965 3633 quidem
992 3568 1063 3620 Guil.
1088 3569 1163 3636 Papa

39 3635 162 3696 Lectiones
183 3645 294 3696 Varron.
318 3641 532 3709 (Berol.1829.)
558 3657 584 3708 p.
598 3645 658 3704 40„
693 3639 740 3704 sed
763 3639 882 3691 desidero
906 3645 1064 3704 argumenta.
1109 3641 1163 3695 Qui

40 3709 118 3764 librum
136 3713 201 3768 hunc
219 3720 340 3781 quartum
358 3713 463 3779 dicunt,
491 3712 549 3765 eod.
568 3713 709 3764 Vaticanus
727 3713 798 3761 2942
817 3710 858 3762 ed.
877 3710 935 3762 Alci.
954 3711 1086 3776 aliaeque,
1115 3709 1162 3764 hos

38 3779 179 3838 induxerunt
196 3785 322 3839 Varronis
346 3785 426 3852 ipsius
445 3785 524 3836 verba
542 3799 677 3850 perperam
702 3782 840 3848 explicata.
883 3781 913 3832 ln
939 3783 1067 3834 nonnullis
1085 3782 1161 3836 codd.
1251 3819 1257 3846 ,-

40 3858 62 3903 et
76 3855 128 3908 edd.
146 3857 187 3910 hie
204 3858 270 3908 liber
289 3857 386 3924 primus
404 3855 512 3921 dicitur,
538 3855 565 3905 in
583 3855 639 3904 aliis
658 3851 743 3904 nullus
760 3866 882 3904 numerus
900 3859 948 3906 est.

113 3964 136 4027 §.
152 3948 180 4012 l.
207 3961 269 4014 Tris
287 3971 351 4012 ante
369 3960 440 4011 hunc
464 3959 543 4014 libros
562 3961 645 4014 Varro
670 3959 733 4011 lecit
750 3957 783 4011 de
805 3960 985 4029 impositione,
1008 3963 1054 4016 sed
1073 3975 1160 4028 annm,

39 4035 63 4081 ut
85 4048 115 4086 ex
140 4033 308 4102 inscriptione
335 4033 483 4098 colligItur,
515 4039 576 4085 aute
601 4030 648 4082 lios
674 4035 729 4082 tras
754 4030 787 4082 de
811 4034 896 4084 causis
921 4035 1026 4099 liuguae
1049 4035 1160 4088 Latinae

39 4102 132 4157 similive
155 4110 318 4174 argumento.
360 4155 362 4160 ,
401 4101 538 4172 imposita]
556 4101 750 4170 impositionem
767 4104 904 4156 verborum
926 4101 1160 4174 (δνοματοθεσίαν)

40 4171 110 4227 Varro
134 4177 195 4232 dicit
222 4165 519 4243 sormam'primariarm
550 4175 619 4227 unde
642 4173 706 4225 finnt
732 4173 883 4228 decimatus.
920 4175 961 4228 Cf.
980 4175 1045 4242 Vll,
1068 4181 1094 4232 1.
1115 4181 1160 4230 32.

40 4242 104 4310 Vlll,
122 4251 146 4304 1.
164 4255 189 4302 t.
218 4247 273 4312 IX,
292 4251 335 4300 34.
362 4248 402 4312 Χ,
420 4251 462 4300 15.
481 4250 524 4300 51..
569 4246 599 4299 lu
622 4247 673 4298 nne
696 4247 722 4311 s.
749 4253 872 4314 punctum
895 4246 1002 4314 reduxi,
1036 4249 1162 4316 aspen-

40 4315 98 4378 gelio
117 4320 236 4374 deletum.
