2866 4812
470 248 506 346 ἓ.
535 261 580 331 81
607 287 656 306 -
677 261 740 332 ss·
1090 251 1173 364 tiss

49 441 216 538 quoniam,
243 436 287 508 cd
312 434 488 534 analogias
512 433 606 530 quod
629 435 810 530 pertineat,
837 461 907 508 non
928 449 984 510 est
1004 451 1043 510 ut
1059 447 1174 514 omnia

47 539 165 613 similia
189 538 366 627 dicantur,
393 535 455 611 sed
481 548 520 610 ut
541 539 580 608 in
603 561 668 610 suo
688 561 846 635 quaeque
871 565 997 637 genere
1019 543 1175 617 similiter

48 641 280 714 declinentur:
314 639 419 712 stulte
447 648 640 736 quaerunt,
678 664 767 734 quor
790 666 829 712 as
854 655 890 714 et
912 641 1109 738 dupondius
1141 660 1175 719 et

48 745 158 816 tressis
189 767 261 814 non
291 741 454 814 dicantur
484 741 728 838 proportione,
765 753 908 816 cumas
936 746 982 816 sit
1012 745 1172 844 simplex,

47 844 237 942 dupondius
265 843 367 916 lictus
396 840 492 940 quod
520 842 590 920 duo
616 868 712 916 assas
738 843 929 940 pendebat,
958 849 1098 940 tressis,
1132 875 1175 920 ex

46 944 1174 1046 mmmfflfflfflmmms

45 1047 201 1121 dicebant
233 1049 387 1145 ³ntiqui,
427 1071 545 1144 aquo
575 1046 723 1119 dicimus
748 1071 859 1120 assem
889 1059 1065 1123 tenentes:
1107 1056 1184 1124 doc·

43 1177 145 1241 aere,
175 1177 364 1245 aeneaque
385 1151 501 1240 libra,
525 1159 559 1220 et
585 1153 685 1220 mille
711 1155 812 1221 aeris
833 1155 984 1246 legasse.
1102 1153 1173 1226 84.

42 1251 178 1344 Quare,
207 1252 303 1350 quod
323 1251 367 1323 ab
388 1253 508 1324 tressis
534 1250 710 1348 usquead
732 1255 901 1325 centussis
926 1254 1061 1325 numeri
1083 1257 1236 1327 eius-149

42 1351 211 1427 dammodi
237 1362 319 1425 sunt
342 1354 548 1450 compositi,
585 1352 835 1426 eiusdemmodi
856 1353 988 1428 babent
1014 1357 1238 1448 similitu-533

41 1454 174 1528 dinem:
213 1454 412 1553 dupondius
439 1453 534 1552 quod
561 1453 739 1528 dissimilis
762 1466 839 1548 est,
867 1469 907 1532 ut
932 1456 1072 1549 debuit,
1102 1458 1175 1530 dis·

40 1557 183 1629 similem
207 1556 313 1630 bsbet
336 1559 518 1630 rationem.
572 1557 636 1630 sic
661 1583 720 1649 as,
756 1561 920 1655 quonim
948 1559 1095 1656 simplex
1121 1571 1175 1632 est

38 1684 75 1730 ac
100 1660 332 1756 principium,
369 1669 404 1730 et
426 1685 535 1730 unum
560 1657 736 1758 significat
760 1670 797 1732 et
817 1660 1048 1732 multitudinis
1070 1658 1194 1765 habet¹

39 1760 195 1831 sensum*
218 1759 414 1854 infinitum,
443 1759 590 1832 dicimus
615 1760 708 1830 enim
734 1785 852 1833 asses:
878 1787 1072 1860 quoscum
1095 1762 1174 1835 lini·

38 1887 135 1954 mus,
161 1860 309 1933 dicimus
332 1861 530 1958 dupondius
551 1873 586 1934 et
605 1863 722 1933 tressis
742 1875 777 1936 et
797 1864 850 1935 sic
869 1890 989 1961 porro.
1102 1863 1172 1938 85.

37 1964 95 2035 Sic
121 1962 261 2035 videtur
285 1961 393 2055 mibi,
428 1965 592 2060 quoniam
624 1961 761 2036 finitum
791 1977 826 2038 et
852 1965 1025 2039 inlinitum
1049 1964 1177 2038 babeat

39 2063 370 2158 dissimilitudinem,
408 2091 479 2136 non
511 2063 638 2138 debere
668 2075 855 2165 utrumque
887 2068 969 2142 item
1003 2069 1094 2141 dici:
1133 2093 1176 2143 eo

39 2169 166 2264 magis,
197 2165 292 2264 quod
316 2169 354 2236 in
378 2168 463 2264 ipsis
490 2165 692 2260 vocalibus,
719 2165 781 2238 ubi
806 2167 945 2242 additur
969 2181 1085 2244 certus
1109 2197 1174 2241 nu-

39 2294 150 2342 merus
174 2269 211 2339 in
237 2269 413 2360 miliariis,
441 2266 541 2340 aliter
562 2279 665 2366 atque
690 2270 728 2339 in
747 2269 891 2367 reliquis
918 2269 1066 2366 dicitur,
1094 2298 1175 2343 nam

38 2372 85 2441 sic
109 2369 321 2468 loquuntur:
355 2368 438 2441 boc
463 2368 590 2442 mille
616 2368 864 2462 denarium,
896 2395 969 2444 non
989 2372 1058 2444 boc
1080 2371 1175 2444 mille

39 2469 189 2564 denarii,
215 2478 251 2544 et
272 2471 380 2544 baec
404 2470 485 2544 duo
510 2469 632 2542 milia
657 2469 860 2563 denaria,
895 2497 965 2545 non
992 2472 1175 2545 duomilia

40 2572 180 2645 denarii.
242 2571 286 2646 Si
311 2583 402 2646 essct
427 2572 558 2644 denarii
581 2574 619 2644 in
645 2583 741 2645 recto
765 2597 850 2644 casn
874 2584 980 2675 atque
1006 2574 1238 2671 inficians-29

38 2673 291 2772 multitudinem
324 2674 555 2774 significaret,
596 2685 682 2747 tunc
713 2675 752 2746 in
783 2677 918 2772 patrico
955 2673 1174 2749 denariorum

38 2773 102 2849 dici
133 2775 339 2875 oportebat,
378 2789 413 2852 et
442 2802 514 2851 non
539 2775 654 2850 solum
684 2778 722 2849 iu
756 2776 927 2869 denariis,
967 2781 1171 2871 victoriatis,

38 2873 235 2973 drachmis,
279 2880 454 2967 nummis,
499 2878 561 2950 sed
596 2881 698 2950 etiarn
728 2880 764 2950 in
797 2881 883 2952 viris
912 2878 1008 2953 idem
1041 2883 1248 2959 servarint)

37 2990 220 3076 oporteret,
243 3007 350 3078 quom
376 2979 524 3053 dicimus
548 2972 715 3052 iudicium
738 2979 848 3054 fuisse
868 2983 1169 3074 triumvirum,

38 3078 384 3175 decemvirum,
429 3107 501 3156 non
539 3081 840 3172 triumvirorum,
881 3079 1167 3156 decemvirorum.

37 3281 156 3354 maaria]
170 3285 248 3340 codd.
285 3284 424 3337 denarium
439 3287 506 3339 coni.
519 3285 688 3352 Augustinus.
724 3282 779 3336 Sed
795 3281 860 3336 illud
877 3300 961 3352 nequa
979 3283 1028 3340 boc
1045 3287 1109 3348 loco¹
1122 3302 1169 3337 au-

38 3371 78 3409 sus
94 3375 153 3415 curn
170 3365 273 3412 mutare
290 3363 398 3427 propter
414 3358 573 3426 superiorem
591 3357 644 3422 vl,
661 3360 705 3409 st.
721 3359 766 3407 38.
791 3361 819 3408 et
835 3355 981 3410 inferiorem
998 3357 1053 3422 IX,
1071 3363 1117 3410 85-
1278 3353 1280 3360 ’

145 3460 199 3526 83.
226 3473 363 3546 quoniam]
381 3475 481 3544 scripsi.
524 3491 583 3524 cum
606 3473 638 3526 F.
681 3489 733 3542 quo
751 3470 812 3544 GH,
857 3489 935 3542 quom
952 3486 978 3523 a.
1005 3475 1036 3523 ut
1059 3469 1169 3535 videtur,

37 3545 98 3598 sicut
119 3564 163 3615 vg.
333 3563 366 3596 as
382 3547 431 3614 sir]
449 3563 472 3598 a.
502 3547 525 3600 ei
544 3551 618 3599 recte
634 3543 762 3609 retertur,
785 3549 815 3595 ut
832 3558 877 3609 vg.
920 3541 994 3592 adsit
1011 3545 1072 3594 cett.
1092 3542 1167 3594 codd.

34 3617 174 3684 pendebat]
186 3633 229 3684 vg.
252 3615 489 3684 pendebantcodd.
572 3616 621 3668 boc
634 3615 706 3684 aere]
721 3614 867 3683 Scioppius.
893 3611 1166 3665 bocobaereacodd.

143 3724 197 3789 84.
219 3737 259 3788 od
274 3737 418 3810 centussis]
433 3755 477 3806 vg.
512 3737 702 3790 educentaesis
718 3755 742 3792 a.
778 3737 817 3788 ad
832 3733 1003 3788 dueentussis
1020 3741 1080 3788 cett.
1090 3735 1165 3789 codd.

36 3807 86 3860 Sed
103 3827 128 3864 v.
147 3812 181 3876 V,
200 3815 261 3864 17⁰.
379 3809 576 3876 eiusdemmodi]
596 3811 695 3878 scripsi.
730 3825 766 3860 ex
781 3808 969 3862 eiusdemmodi
982 3808 1057 3862 codd.
1092 3807 1166 3858 eius-

35 3880 100 3932 modi
117 3899 161 3949 ug.
275 3882 404 3946 sensum]
422 3883 489 3934 coni.
523 3899 608 3964 suam,
621 3881 697 3934 codd.

141 3981 196 4050 85.
233 3996 368 4064 miliariis]
389 3998 454 4049 coni.
479 3997 603 4065 Spengel.
630 3994 688 4064 (qui
713 3995 802 4048 scribit
826 3993 984 4061 milliariis).
1036 3991 1164 4046 militaris

35 4069 106 4123 codd.
214 4068 371 4140 loquentur]
388 4067 419 4120 F.
532 4067 619 4132 nulia]
638 4065 723 4116 millia
740 4066 815 4120 codd.
843 4067 889 4118 sed
906 4067 988 4118 altero
1010 4067 1068 4118 loco
1086 4065 1162 4115 milia

35 4137 63 4190 F.
153 4140 276 4209 denaria]
290 4139 366 4192 codd.
402 4142 529 4196 Quartum
547 4138 596 4193 boc
614 4139 759 4206 exemplum
777 4140 897 4191 soloecae
914 4136 989 4190 buius
1007 4143 1158 4190 structurae.

36 4209 172 4264 &uarium
189 4229 231 4278 vg.
364 4210 509 4278 drachmis]
531 4227 574 4278 vg.
623 4219 650 4261 et
674 4208 789 4260 roclenus
812 4211 843 4262 F.
890 4217 918 4258 et
941 4208 1060 4260 rachinis
1081 4208 1158 4260 etta.

35 4283 176 4348 oporteret]
194 4283 339 4352 Scioppius.
375 4291 495 4351 oportere
512 4283 587 4334 codd.
701 4280 925 4344 triumvirorum]
938 4297 980 4348 vg.
1017 4297 1069 4332 om.
1084 4277 1159 4331 codd.
1265 4321 1268 4330 .

36 4351 247 4421 decemvirorum]
266 4371 309 4421 vg.
358 4353 581 4407 oerrrumvirorum
603 4351 694 4415 codd,
728 4352 797 4406 unde
820 4353 937 4421 suspicor
960 4353 1103 4406 Varronem
1127 4349 1161 4400 de

682 4449 831 4552 15,
