<?xml version="1.0" encoding="UTF-8"?>
<!DOCTYPE html PUBLIC "-//W3C//DTD XHTML 1.0 Transitional//EN"
    "http://www.w3.org/TR/xhtml1/DTD/xhtml1-transitional.dtd">
<html xmlns="http://www.w3.org/1999/xhtml" xml:lang="en" lang="en">
 <head>
  <title>
</title>
<meta http-equiv="Content-Type" content="text/html;charset=utf-8" />
  <meta name='ocr-system' content='tesseract 3.04.00' />
  <meta name='ocr-capabilities' content='ocr_page ocr_carea ocr_par ocr_line ocrx_word'/>
</head>
<body>
  <div class='ocr_page' id='page_1' title='image "./mterentivarroni00mlgoog/mterentivarroni00mlgoog_0141.png"; bbox 0 0 2864 4814; ppageno 0'>
   <div class='ocr_carea' id='block_1_1' title="bbox 229 213 1164 358">
    <p class='ocr_par' dir='ltr' id='par_1_1' title="bbox 229 213 1164 358">
     <span class='ocr_line' id='line_1_1' title="bbox 229 213 1164 358; baseline -0.002 -44"><span class='ocrx_word' id='word_1_1' title='bbox 229 213 306 358; x_wconf 15' lang='grc' dir='ltr'>ἰ</span> <span class='ocrx_word' id='word_1_2' title='bbox 459 227 819 352; x_wconf 52' lang='lat' dir='ltr'><strong>§.arv-274</strong></span> <span class='ocrx_word' id='word_1_3' title='bbox 1108 238 1164 312; x_wconf 73' lang='lat' dir='ltr'><strong>aa</strong></span> 
     </span>
    </p>
   </div>
   <div class='ocr_carea' id='block_1_2' title="bbox 40 416 1310 2477">
    <p class='ocr_par' dir='ltr' id='par_1_2' title="bbox 42 416 1273 1030">
     <span class='ocr_line' id='line_1_2' title="bbox 44 416 1273 517; baseline 0.009 -27"><span class='ocrx_word' id='word_1_4' title='bbox 44 417 124 490; x_wconf 75' lang='lat' dir='ltr'><strong>lilius</strong></span> <span class='ocrx_word' id='word_1_5' title='bbox 147 416 369 512; x_wconf 74' lang='lat' dir='ltr'><strong>sacerdotes,</strong></span> <span class='ocrx_word' id='word_1_6' title='bbox 415 421 476 514; x_wconf 88' lang='lat' dir='ltr'><strong>qui</strong></span> <span class='ocrx_word' id='word_1_7' title='bbox 507 430 653 517; x_wconf 89' lang='lat' dir='ltr'><strong>uterquc</strong></span> <span class='ocrx_word' id='word_1_8' title='bbox 686 420 784 494; x_wconf 87' lang='lat' dir='ltr'><strong>locus</strong></span> <span class='ocrx_word' id='word_1_9' title='bbox 810 431 906 494; x_wconf 77' lang='lat' dir='ltr'><strong>extra</strong></span> <span class='ocrx_word' id='word_1_10' title='bbox 927 422 1048 498; x_wconf 85' lang='lat' dir='ltr'><strong>urbem</strong></span> <span class='ocrx_word' id='word_1_11' title='bbox 1074 429 1162 500; x_wconf 87' lang='lat' dir='ltr'><strong>anti·</strong></span> <span class='ocrx_word' id='word_1_12' title='bbox 1270 479 1273 488; x_wconf 85' lang='lat'>·</span> 
     </span>
     <span class='ocr_line' id='line_1_3' title="bbox 43 520 1257 629; baseline 0.008 -38"><span class='ocrx_word' id='word_1_13' title='bbox 43 546 134 616; x_wconf 91' lang='lat' dir='ltr'><strong>quam</strong></span> <span class='ocrx_word' id='word_1_14' title='bbox 165 520 232 594; x_wconf 89' lang='lat' dir='ltr'><strong>suit</strong></span> <span class='ocrx_word' id='word_1_15' title='bbox 262 546 333 593; x_wconf 90' lang='lat' dir='ltr'><strong>non</strong></span> <span class='ocrx_word' id='word_1_16' title='bbox 366 520 470 620; x_wconf 75' lang='lat' dir='ltr'><strong>longe</strong></span> <span class='ocrx_word' id='word_1_17' title='bbox 500 546 520 592; x_wconf 88' lang='lat' dir='ltr'><strong>a</strong></span> <span class='ocrx_word' id='word_1_18' title='bbox 553 533 652 619; x_wconf 87' lang='lat' dir='ltr'><strong>porta</strong></span> <span class='ocrx_word' id='word_1_19' title='bbox 683 523 905 616; x_wconf 83' lang='lat' dir='ltr'><strong>Romanula,</strong></span> <span class='ocrx_word' id='word_1_20' title='bbox 949 525 991 596; x_wconf 93' lang='lat' dir='ltr'><strong>de</strong></span> <span class='ocrx_word' id='word_1_21' title='bbox 1023 554 1092 625; x_wconf 86' lang='lat' dir='ltr'><strong>qua</strong></span> <span class='ocrx_word' id='word_1_22' title='bbox 1125 532 1222 622; x_wconf 55' lang='lat' dir='ltr'><strong>ingqff</strong></span> <span class='ocrx_word' id='word_1_23' title='bbox 1243 615 1257 629; x_wconf 35' lang='grc' dir='ltr'><strong>μ</strong></span> 
     </span>
     <span class='ocr_line' id='line_1_4' title="bbox 43 621 1163 720; baseline 0.011 -28"><span class='ocrx_word' id='word_1_24' title='bbox 43 624 143 718; x_wconf 88' lang='lat' dir='ltr'><strong>priore</strong></span> <span class='ocrx_word' id='word_1_25' title='bbox 173 622 263 695; x_wconf 92' lang='lat' dir='ltr'><strong>libro</strong></span> <span class='ocrx_word' id='word_1_26' title='bbox 297 622 381 694; x_wconf 79' lang='lat' dir='ltr'><strong>dixi.</strong></span> <span class='ocrx_word' id='word_1_27' title='bbox 451 625 544 696; x_wconf 83' lang='lat' dir='ltr'>Dies.</span> <span class='ocrx_word' id='word_1_28' title='bbox 573 621 933 720; x_wconf 83' lang='lat' dir='ltr'><strong>Septimontium</strong></span> <span class='ocrx_word' id='word_1_29' title='bbox 966 632 1163 704; x_wconf 87' lang='lat' dir='ltr'><strong>nominatus</strong></span> 
     </span>
     <span class='ocr_line' id='line_1_5' title="bbox 43 722 1164 826; baseline 0.011 -34"><span class='ocrx_word' id='word_1_30' title='bbox 43 722 79 794; x_wconf 88' lang='lat' dir='ltr'><strong>ab</strong></span> <span class='ocrx_word' id='word_1_31' title='bbox 99 723 151 796; x_wconf 89' lang='lat' dir='ltr'><strong>his</strong></span> <span class='ocrx_word' id='word_1_32' title='bbox 175 736 306 822; x_wconf 77' lang='lat' dir='ltr'><strong>septem</strong></span> <span class='ocrx_word' id='word_1_33' title='bbox 332 724 530 815; x_wconf 88' lang='lat' dir='ltr'><strong>montibus,</strong></span> <span class='ocrx_word' id='word_1_34' title='bbox 566 727 604 797; x_wconf 93' lang='lat' dir='ltr'><strong>in</strong></span> <span class='ocrx_word' id='word_1_35' title='bbox 629 727 708 822; x_wconf 88' lang='lat' dir='ltr'><strong>quis</strong></span> <span class='ocrx_word' id='word_1_36' title='bbox 734 728 800 798; x_wconf 88' lang='lat' dir='ltr'><strong>sita</strong></span> <span class='ocrx_word' id='word_1_37' title='bbox 825 727 921 800; x_wconf 90' lang='lat' dir='ltr'><strong>Urbs</strong></span> <span class='ocrx_word' id='word_1_38' title='bbox 946 742 1020 826; x_wconf 74' lang='lat' dir='ltr'><strong>est,</strong></span> <span class='ocrx_word' id='word_1_39' title='bbox 1058 731 1164 805; x_wconf 85' lang='lat' dir='ltr'><strong>seriae</strong></span> 
     </span>
     <span class='ocr_line' id='line_1_6' title="bbox 43 827 1160 930; baseline 0.011 -36"><span class='ocrx_word' id='word_1_40' title='bbox 43 853 102 898; x_wconf 89' lang='lat' dir='ltr'><strong>nou</strong></span> <span class='ocrx_word' id='word_1_41' title='bbox 126 828 266 926; x_wconf 87' lang='lat' dir='ltr'><strong>populi,</strong></span> <span class='ocrx_word' id='word_1_42' title='bbox 300 827 362 904; x_wconf 88' lang='lat' dir='ltr'><strong>sed</strong></span> <span class='ocrx_word' id='word_1_43' title='bbox 387 840 628 901; x_wconf 79' lang='lat' dir='ltr'><strong>montanorum</strong></span> <span class='ocrx_word' id='word_1_44' title='bbox 649 827 752 900; x_wconf 92' lang='lat' dir='ltr'><strong>modo</strong></span> <span class='ocrx_word' id='word_1_45' title='bbox 762 856 774 924; x_wconf 79' lang='lat'>5</span> <span class='ocrx_word' id='word_1_46' title='bbox 813 840 853 901; x_wconf 90' lang='lat' dir='ltr'><strong>ut</strong></span> <span class='ocrx_word' id='word_1_47' title='bbox 884 831 1160 930; x_wconf 73' lang='lat' dir='ltr'><strong>Paganalia,</strong></span> 
     </span>
     <span class='ocr_line' id='line_1_7' title="bbox 42 929 526 1030; baseline 0.006 -32"><span class='ocrx_word' id='word_1_48' title='bbox 42 929 202 1023; x_wconf 88' lang='lat' dir='ltr'><strong>quisunt</strong></span> <span class='ocrx_word' id='word_1_49' title='bbox 230 929 402 1028; x_wconf 82' lang='lat' dir='ltr'><strong>aliquoius</strong></span> <span class='ocrx_word' id='word_1_50' title='bbox 432 932 526 1030; x_wconf 74' lang='lat' dir='ltr'><strong>pagi.</strong></span> 
     </span>
    </p>

    <p class='ocr_par' dir='ltr' id='par_1_3' title="bbox 40 1055 1310 2477">
     <span class='ocr_line' id='line_1_8' title="bbox 94 1055 1163 1154; baseline 0.007 -26"><span class='ocrx_word' id='word_1_51' title='bbox 94 1125 96 1128; x_wconf 19' lang='lat'><em>⁴</em></span> <span class='ocrx_word' id='word_1_52' title='bbox 137 1055 207 1148; x_wconf 76' lang='grc'><strong>25.</strong></span> <span class='ocrx_word' id='word_1_53' title='bbox 243 1060 303 1131; x_wconf 77' lang='lat' dir='ltr'><strong>De</strong></span> <span class='ocrx_word' id='word_1_54' title='bbox 334 1061 470 1131; x_wconf 87' lang='lat' dir='ltr'><strong>statutis</strong></span> <span class='ocrx_word' id='word_1_55' title='bbox 503 1057 626 1132; x_wconf 86' lang='lat' dir='ltr'><strong>diebus</strong></span> <span class='ocrx_word' id='word_1_56' title='bbox 660 1059 757 1154; x_wconf 84' lang='lat' dir='ltr'><strong>dixi3</strong></span> <span class='ocrx_word' id='word_1_57' title='bbox 797 1057 840 1132; x_wconf 88' lang='lat' dir='ltr'><strong>de</strong></span> <span class='ocrx_word' id='word_1_58' title='bbox 865 1060 1047 1134; x_wconf 79' lang='lat' dir='ltr'><strong>annalibus</strong></span> <span class='ocrx_word' id='word_1_59' title='bbox 1068 1090 1163 1136; x_wconf 86' lang='lat' dir='ltr'><strong>nunc</strong></span> 
     </span>
     <span class='ocr_line' id='line_1_9' title="bbox 42 1154 1162 1262; baseline 0.006 -32"><span class='ocrx_word' id='word_1_60' title='bbox 42 1154 153 1230; x_wconf 87' lang='lat' dir='ltr'><strong>dicam.</strong></span> <span class='ocrx_word' id='word_1_61' title='bbox 216 1159 493 1258; x_wconf 84' lang='lat' dir='ltr'><strong>Compitalia</strong></span> <span class='ocrx_word' id='word_1_62' title='bbox 526 1159 598 1232; x_wconf 89' lang='lat' dir='ltr'><strong>dies</strong></span> <span class='ocrx_word' id='word_1_63' title='bbox 626 1160 811 1232; x_wconf 86' lang='lat' dir='ltr'><strong>attributus</strong></span> <span class='ocrx_word' id='word_1_64' title='bbox 844 1159 996 1235; x_wconf 81' lang='lat' dir='ltr'><strong>Laribus</strong></span> <span class='ocrx_word' id='word_1_65' title='bbox 1021 1162 1162 1262; x_wconf 85' lang='lat' dir='ltr'><strong>Compi·</strong></span> 
     </span>
     <span class='ocr_line' id='line_1_10' title="bbox 41 1259 1163 1363; baseline 0.01 -36"><span class='ocrx_word' id='word_1_66' title='bbox 41 1259 194 1356; x_wconf 82' lang='lat' dir='ltr'><strong>talibus*;</strong></span> <span class='ocrx_word' id='word_1_67' title='bbox 244 1262 322 1336; x_wconf 90' lang='lat' dir='ltr'><strong>ideo</strong></span> <span class='ocrx_word' id='word_1_68' title='bbox 348 1262 409 1334; x_wconf 91' lang='lat' dir='ltr'><strong>ubi</strong></span> <span class='ocrx_word' id='word_1_69' title='bbox 438 1264 519 1333; x_wconf 71' lang='lat' dir='ltr'><strong>niae</strong></span> <span class='ocrx_word' id='word_1_70' title='bbox 556 1273 777 1359; x_wconf 90' lang='lat' dir='ltr'><strong>competunt,</strong></span> <span class='ocrx_word' id='word_1_71' title='bbox 817 1274 891 1334; x_wconf 91' lang='lat' dir='ltr'><strong>tum</strong></span> <span class='ocrx_word' id='word_1_72' title='bbox 924 1267 961 1335; x_wconf 91' lang='lat' dir='ltr'><strong>in</strong></span> <span class='ocrx_word' id='word_1_73' title='bbox 996 1270 1163 1363; x_wconf 89' lang='lat' dir='ltr'><strong>competis</strong></span> 
     </span>
     <span class='ocr_line' id='line_1_11' title="bbox 42 1363 1164 1462; baseline 0.007 -32"><span class='ocrx_word' id='word_1_74' title='bbox 42 1363 257 1437; x_wconf 84' lang='lat' dir='ltr'><strong>sacrificatur.</strong></span> <span class='ocrx_word' id='word_1_75' title='bbox 320 1364 519 1457; x_wconf 83' lang='lat' dir='ltr'><strong>Quotannis</strong></span> <span class='ocrx_word' id='word_1_76' title='bbox 553 1366 584 1436; x_wconf 88' lang='lat' dir='ltr'><strong>is</strong></span> <span class='ocrx_word' id='word_1_77' title='bbox 619 1364 693 1435; x_wconf 89' lang='lat' dir='ltr'><strong>dies</strong></span> <span class='ocrx_word' id='word_1_78' title='bbox 727 1367 934 1462; x_wconf 79' lang='lat' dir='ltr'><strong>concipitur.</strong></span> <span class='ocrx_word' id='word_1_79' title='bbox 996 1365 1164 1439; x_wconf 76' lang='lat' dir='ltr'><strong>Similiter</strong></span> 
     </span>
     <span class='ocr_line' id='line_1_12' title="bbox 40 1459 1162 1563; baseline 0.005 -31"><span class='ocrx_word' id='word_1_80' title='bbox 40 1459 223 1539; x_wconf 82' lang='lat' dir='ltr'><strong>Latinae</strong></span> <span class='ocrx_word' id='word_1_81' title='bbox 262 1467 283 1538; x_wconf 87' lang='lat' dir='ltr'>f</span> <span class='ocrx_word' id='word_1_82' title='bbox 290 1469 420 1540; x_wconf 87' lang='lat' dir='ltr'><strong>eriae</strong></span> <span class='ocrx_word' id='word_1_83' title='bbox 460 1464 533 1538; x_wconf 92' lang='lat' dir='ltr'><strong>dies</strong></span> <span class='ocrx_word' id='word_1_84' title='bbox 567 1467 791 1563; x_wconf 86' lang='lat' dir='ltr'><strong>conceptivus</strong></span> <span class='ocrx_word' id='word_1_85' title='bbox 824 1467 991 1539; x_wconf 79' lang='lat' dir='ltr'><strong>dictus&#39;a</strong></span> <span class='ocrx_word' id='word_1_86' title='bbox 1024 1468 1162 1539; x_wconf 89' lang='lat' dir='ltr'><strong>Latinis</strong></span> 
     </span>
     <span class='ocr_line' id='line_1_13' title="bbox 41 1563 1310 1668; baseline 0.005 -33"><span class='ocrx_word' id='word_1_87' title='bbox 41 1566 184 1661; x_wconf 91' lang='lat' dir='ltr'><strong>populis,</strong></span> <span class='ocrx_word' id='word_1_88' title='bbox 228 1567 356 1665; x_wconf 90' lang='lat' dir='ltr'><strong>quibus</strong></span> <span class='ocrx_word' id='word_1_89' title='bbox 390 1595 433 1640; x_wconf 87' lang='lat' dir='ltr'><strong>cx</strong></span> <span class='ocrx_word' id='word_1_90' title='bbox 467 1563 610 1640; x_wconf 80' lang='lat' dir='ltr'><strong>Albano</strong></span> <span class='ocrx_word' id='word_1_91' title='bbox 651 1578 767 1640; x_wconf 89' lang='lat' dir='ltr'><strong>moute</strong></span> <span class='ocrx_word' id='word_1_92' title='bbox 800 1593 844 1639; x_wconf 83' lang='lat' dir='ltr'><strong>ex</strong></span> <span class='ocrx_word' id='word_1_93' title='bbox 875 1571 985 1640; x_wconf 86' lang='lat' dir='ltr'><strong>sacris</strong></span> <span class='ocrx_word' id='word_1_94' title='bbox 1022 1595 1160 1640; x_wconf 85' lang='lat' dir='ltr'><strong>carnem</strong></span> <span class='ocrx_word' id='word_1_95' title='bbox 1175 1597 1225 1668; x_wconf 57' lang='grc' dir='ltr'><strong>ιρι</strong></span> <span class='ocrx_word' id='word_1_96' title='bbox 1307 1659 1310 1668; x_wconf 29' lang='grc' dir='ltr'>Ι</span> 
     </span>
     <span class='ocr_line' id='line_1_14' title="bbox 42 1667 1161 1765; baseline 0.005 -29"><span class='ocrx_word' id='word_1_97' title='bbox 42 1677 143 1762; x_wconf 90' lang='lat' dir='ltr'><strong>petere</strong></span> <span class='ocrx_word' id='word_1_98' title='bbox 167 1670 234 1743; x_wconf 90' lang='lat' dir='ltr'><strong>suit</strong></span> <span class='ocrx_word' id='word_1_99' title='bbox 258 1672 313 1742; x_wconf 92' lang='lat' dir='ltr'><strong>ius</strong></span> <span class='ocrx_word' id='word_1_100' title='bbox 336 1696 415 1741; x_wconf 89' lang='lat' dir='ltr'><strong>cum</strong></span> <span class='ocrx_word' id='word_1_101' title='bbox 441 1670 634 1761; x_wconf 89' lang='lat' dir='ltr'><strong>Romanis,</strong></span> <span class='ocrx_word' id='word_1_102' title='bbox 662 1667 831 1765; x_wconf 89' lang='lat' dir='ltr'><strong>aquibus</strong></span> <span class='ocrx_word' id='word_1_103' title='bbox 849 1671 987 1741; x_wconf 90' lang='lat' dir='ltr'><strong>Latinis</strong></span> <span class='ocrx_word' id='word_1_104' title='bbox 1013 1672 1161 1743; x_wconf 80' lang='lat' dir='ltr'><strong>Latinae</strong></span> 
     </span>
     <span class='ocr_line' id='line_1_15' title="bbox 42 1766 1164 1870; baseline 0.005 -34"><span class='ocrx_word' id='word_1_105' title='bbox 42 1766 150 1842; x_wconf 88' lang='lat' dir='ltr'><strong>dictae.</strong></span> <span class='ocrx_word' id='word_1_106' title='bbox 323 1769 397 1844; x_wconf 75' lang='lat'><strong>26.·</strong></span> <span class='ocrx_word' id='word_1_107' title='bbox 431 1770 722 1844; x_wconf 87' lang='lat' dir='ltr'><strong>Sementinae</strong></span> <span class='ocrx_word' id='word_1_108' title='bbox 749 1771 892 1843; x_wconf 86' lang='lat' dir='ltr'><strong>feriae</strong></span> <span class='ocrx_word' id='word_1_109' title='bbox 918 1770 1066 1866; x_wconf 89' lang='lat' dir='ltr'><strong>diesis,</strong></span> <span class='ocrx_word' id='word_1_110' title='bbox 1102 1774 1164 1870; x_wconf 89' lang='lat' dir='ltr'><strong>qui</strong></span> 
     </span>
     <span class='ocr_line' id='line_1_16' title="bbox 41 1870 1162 1971; baseline 0.006 -34"><span class='ocrx_word' id='word_1_111' title='bbox 41 1870 293 1966; x_wconf 85' lang='lat' dir='ltr'><strong>apontificibus</strong></span> <span class='ocrx_word' id='word_1_112' title='bbox 314 1872 426 1944; x_wconf 88' lang='lat' dir='ltr'><strong>dictus</strong></span> <span class='ocrx_word' id='word_1_113' title='bbox 438 1899 449 1966; x_wconf 81' lang='lat'><em>3</em></span> <span class='ocrx_word' id='word_1_114' title='bbox 483 1872 676 1969; x_wconf 89' lang='lat' dir='ltr'><strong>appellatus</strong></span> <span class='ocrx_word' id='word_1_115' title='bbox 698 1897 719 1942; x_wconf 91' lang='lat' dir='ltr'><strong>a</strong></span> <span class='ocrx_word' id='word_1_116' title='bbox 740 1884 905 1965; x_wconf 85' lang='lat' dir='ltr'><strong>semente,</strong></span> <span class='ocrx_word' id='word_1_117' title='bbox 935 1873 1030 1971; x_wconf 88' lang='lat' dir='ltr'><strong>quod</strong></span> <span class='ocrx_word' id='word_1_118' title='bbox 1057 1877 1162 1945; x_wconf 92' lang='lat' dir='ltr'><strong>satio·</strong></span> 
     </span>
     <span class='ocr_line' id='line_1_17' title="bbox 41 1971 1255 2076; baseline 0.008 -38"><span class='ocrx_word' id='word_1_119' title='bbox 41 1971 82 2041; x_wconf 87' lang='lat' dir='ltr'><strong>nis</strong></span> <span class='ocrx_word' id='word_1_120' title='bbox 101 1998 206 2044; x_wconf 89' lang='lat' dir='ltr'><strong>causa</strong></span> <span class='ocrx_word' id='word_1_121' title='bbox 228 1987 422 2072; x_wconf 89' lang='lat' dir='ltr'><strong>susceptae.</strong></span> <span class='ocrx_word' id='word_1_122' title='bbox 476 1971 730 2072; x_wconf 72' lang='lat' dir='ltr'><strong>Paganicae</strong></span> <span class='ocrx_word' id='word_1_123' title='bbox 753 1974 905 2046; x_wconf 90' lang='lat' dir='ltr'><strong>eiusdem</strong></span> <span class='ocrx_word' id='word_1_124' title='bbox 927 1975 1161 2074; x_wconf 77' lang='lat' dir='ltr'><strong>agriculturae</strong></span> <span class='ocrx_word' id='word_1_125' title='bbox 1244 2053 1255 2076; x_wconf 53' lang='lat'><strong>‚</strong></span> 
     </span>
     <span class='ocr_line' id='line_1_18' title="bbox 43 2067 1162 2176; baseline 0.008 -36"><span class='ocrx_word' id='word_1_126' title='bbox 43 2095 129 2146; x_wconf 86' lang='lat' dir='ltr'><strong>causa</strong></span> <span class='ocrx_word' id='word_1_127' title='bbox 154 2086 338 2173; x_wconf 82' lang='lat' dir='ltr'><strong>susceptae</strong></span> <span class='ocrx_word' id='word_1_128' title='bbox 362 2067 410 2148; x_wconf 85' lang='lat' dir='ltr'><strong>ut</strong></span> <span class='ocrx_word' id='word_1_129' title='bbox 426 2073 594 2148; x_wconf 87' lang='lat' dir='ltr'><strong>haberent</strong></span> <span class='ocrx_word' id='word_1_130' title='bbox 618 2077 654 2146; x_wconf 91' lang='lat' dir='ltr'><strong>in</strong></span> <span class='ocrx_word' id='word_1_131' title='bbox 680 2075 771 2174; x_wconf 70' lang='lat' dir='ltr'><strong>agris</strong></span> <span class='ocrx_word' id='word_1_132' title='bbox 795 2101 914 2148; x_wconf 90' lang='lat' dir='ltr'><strong>omnes</strong></span> <span class='ocrx_word' id='word_1_133' title='bbox 939 2079 1040 2176; x_wconf 74' lang='lat' dir='ltr'><strong>pagi,</strong></span> <span class='ocrx_word' id='word_1_134' title='bbox 1069 2077 1162 2149; x_wconf 90' lang='lat' dir='ltr'><strong>unde</strong></span> 
     </span>
     <span class='ocr_line' id='line_1_19' title="bbox 41 2171 1159 2276; baseline 0.009 -35"><span class='ocrx_word' id='word_1_135' title='bbox 41 2178 212 2270; x_wconf 69' lang='lat' dir='ltr'><strong>paganicae</strong></span> <span class='ocrx_word' id='word_1_136' title='bbox 248 2178 361 2250; x_wconf 93' lang='lat' dir='ltr'><strong>dictae</strong></span> <span class='ocrx_word' id='word_1_137' title='bbox 393 2188 486 2249; x_wconf 88' lang='lat' dir='ltr'><strong>sunt.</strong></span> <span class='ocrx_word' id='word_1_138' title='bbox 553 2178 743 2249; x_wconf 82' lang='lat' dir='ltr'><strong>Praeterea</strong></span> <span class='ocrx_word' id='word_1_139' title='bbox 759 2171 881 2249; x_wconf 78' lang='lat' dir='ltr'><strong>&#39;feriae</strong></span> <span class='ocrx_word' id='word_1_140' title='bbox 917 2180 1159 2276; x_wconf 80' lang='lat' dir='ltr'><strong>concaptivae,</strong></span> 
     </span>
     <span class='ocr_line' id='line_1_20' title="bbox 42 2277 1162 2377; baseline 0.006 -32"><span class='ocrx_word' id='word_1_141' title='bbox 42 2297 114 2368; x_wconf 89' lang='lat' dir='ltr'><strong>quae</strong></span> <span class='ocrx_word' id='word_1_142' title='bbox 128 2305 198 2350; x_wconf 89' lang='lat' dir='ltr'><strong>non</strong></span> <span class='ocrx_word' id='word_1_143' title='bbox 220 2279 302 2350; x_wconf 74' lang='lat' dir='ltr'><strong>su&#39;nt</strong></span> <span class='ocrx_word' id='word_1_144' title='bbox 320 2278 475 2372; x_wconf 85' lang='lat' dir='ltr'><strong>annales,</strong></span> <span class='ocrx_word' id='word_1_145' title='bbox 497 2289 537 2350; x_wconf 93' lang='lat' dir='ltr'><strong>ut</strong></span> <span class='ocrx_word' id='word_1_146' title='bbox 553 2277 619 2350; x_wconf 91' lang='lat' dir='ltr'><strong>hae</strong></span> <span class='ocrx_word' id='word_1_147' title='bbox 639 2284 727 2375; x_wconf 82' lang='lat' dir='ltr'><strong>quae</strong></span> <span class='ocrx_word' id='word_1_148' title='bbox 749 2278 913 2350; x_wconf 89' lang='lat' dir='ltr'><strong>dicuntur</strong></span> <span class='ocrx_word' id='word_1_149' title='bbox 931 2281 1005 2352; x_wconf 89' lang='lat' dir='ltr'><strong>sine</strong></span> <span class='ocrx_word' id='word_1_150' title='bbox 1021 2283 1162 2377; x_wconf 92' lang='lat' dir='ltr'><strong>proprio</strong></span> 
     </span>
     <span class='ocr_line' id='line_1_21' title="bbox 41 2377 1142 2477; baseline 0.008 -34"><span class='ocrx_word' id='word_1_151' title='bbox 41 2377 216 2474; x_wconf 86' lang='lat' dir='ltr'><strong>vocabulo,</strong></span> <span class='ocrx_word' id='word_1_152' title='bbox 252 2391 311 2452; x_wconf 90' lang='lat' dir='ltr'><strong>aut</strong></span> <span class='ocrx_word' id='word_1_153' title='bbox 336 2406 416 2453; x_wconf 90' lang='lat' dir='ltr'><strong>cum</strong></span> <span class='ocrx_word' id='word_1_154' title='bbox 437 2382 623 2477; x_wconf 90' lang='lat' dir='ltr'><strong>perspicuo</strong></span> <span class='ocrx_word' id='word_1_155' title='bbox 643 2390 684 2450; x_wconf 90' lang='lat' dir='ltr'><strong>ut</strong></span> <span class='ocrx_word' id='word_1_156' title='bbox 703 2379 947 2470; x_wconf 75' lang='lat' dir='ltr'><strong>Nouendialis,</strong></span> <span class='ocrx_word' id='word_1_157' title='bbox 981 2390 1075 2451; x_wconf 89' lang='lat' dir='ltr'><strong>sunt.</strong></span> <span class='ocrx_word' id='word_1_158' title='bbox 1140 2465 1142 2470; x_wconf 67' lang='lat'><strong>,</strong></span> 
     </span>
    </p>
   </div>
   <div class='ocr_carea' id='block_1_3' title="bbox 41 2512 1225 2830">
    <p class='ocr_par' dir='ltr' id='par_1_4' title="bbox 41 2512 1225 2830">
     <span class='ocr_line' id='line_1_22' title="bbox 139 2512 1201 2615; baseline -0.001 -26"><span class='ocrx_word' id='word_1_159' title='bbox 139 2515 207 2613; x_wconf 77' lang='lat'><strong>27.</strong></span> <span class='ocrx_word' id='word_1_160' title='bbox 246 2520 303 2591; x_wconf 84' lang='lat' dir='ltr'><strong>De</strong></span> <span class='ocrx_word' id='word_1_161' title='bbox 331 2518 387 2590; x_wconf 87' lang='lat' dir='ltr'><strong>bis</strong></span> <span class='ocrx_word' id='word_1_162' title='bbox 413 2515 535 2589; x_wconf 91' lang='lat' dir='ltr'><strong>diebus</strong></span> <span class='ocrx_word' id='word_1_163' title='bbox 562 2516 746 2614; x_wconf 81' lang='lat' dir='ltr'><strong>nunciam</strong></span> <span class='ocrx_word' id='word_1_164' title='bbox 772 2515 833 2615; x_wconf 89' lang='lat' dir='ltr'><strong>qui</strong></span> <span class='ocrx_word' id='word_1_165' title='bbox 856 2512 1035 2587; x_wconf 87' lang='lat' dir='ltr'><strong>hominum</strong></span> <span class='ocrx_word' id='word_1_166' title='bbox 1055 2513 1201 2588; x_wconf 77' lang='lat' dir='ltr'><strong>causali</strong></span> 
     </span>
     <span class='ocr_line' id='line_1_23' title="bbox 42 2617 1220 2712; baseline 0.007 -28"><span class='ocrx_word' id='word_1_167' title='bbox 42 2621 230 2712; x_wconf 78' lang='lat' dir='ltr'><strong>constituti,</strong></span> <span class='ocrx_word' id='word_1_168' title='bbox 271 2620 461 2708; x_wconf 76' lang='lat' dir='ltr'><strong>videamus,</strong></span> <span class='ocrx_word' id='word_1_169' title='bbox 531 2619 646 2690; x_wconf 90' lang='lat' dir='ltr'><strong>Primi</strong></span> <span class='ocrx_word' id='word_1_170' title='bbox 681 2617 754 2689; x_wconf 93' lang='lat' dir='ltr'><strong>dies</strong></span> <span class='ocrx_word' id='word_1_171' title='bbox 788 2617 959 2688; x_wconf 93' lang='lat' dir='ltr'><strong>mensium</strong></span> <span class='ocrx_word' id='word_1_172' title='bbox 993 2617 1160 2691; x_wconf 88' lang='lat' dir='ltr'><strong>nominati</strong></span> <span class='ocrx_word' id='word_1_173' title='bbox 1174 2635 1220 2708; x_wconf 64' lang='lat'><strong>{⁰}</strong></span> 
     </span>
     <span class='ocr_line' id='line_1_24' title="bbox 41 2713 1225 2830; baseline 0.006 -43"><span class='ocrx_word' id='word_1_174' title='bbox 41 2713 248 2795; x_wconf 83' lang='lat' dir='ltr'><strong>Calendae</strong></span> <span class='ocrx_word' id='word_1_175' title='bbox 271 2721 315 2794; x_wconf 86' lang='lat' dir='ltr'><strong>ab</strong></span> <span class='ocrx_word' id='word_1_176' title='bbox 339 2749 380 2796; x_wconf 94' lang='lat' dir='ltr'><strong>eo</strong></span> <span class='ocrx_word' id='word_1_177' title='bbox 405 2720 500 2821; x_wconf 87' lang='lat' dir='ltr'><strong>quod</strong></span> <span class='ocrx_word' id='word_1_178' title='bbox 525 2719 581 2793; x_wconf 90' lang='lat' dir='ltr'><strong>his</strong></span> <span class='ocrx_word' id='word_1_179' title='bbox 607 2717 728 2799; x_wconf 89' lang='lat' dir='ltr'><strong>diebus</strong></span> <span class='ocrx_word' id='word_1_180' title='bbox 755 2718 912 2790; x_wconf 83' lang='lat' dir='ltr'><strong>celantur</strong></span> <span class='ocrx_word' id='word_1_181' title='bbox 937 2720 1011 2792; x_wconf 89' lang='lat' dir='ltr'><strong>eius</strong></span> <span class='ocrx_word' id='word_1_182' title='bbox 1033 2723 1160 2794; x_wconf 88' lang='lat' dir='ltr'><strong>mensis</strong></span> <span class='ocrx_word' id='word_1_183' title='bbox 1174 2751 1225 2830; x_wconf 71' lang='lat' dir='ltr'><strong>eo⁴</strong></span> 
     </span>
    </p>
   </div>
   <div class='ocr_carea' id='block_1_4' title="bbox 39 2915 1162 3450">
    <p class='ocr_par' dir='ltr' id='par_1_5' title="bbox 39 2915 1162 3450">
     <span class='ocr_line' id='line_1_25' title="bbox 136 2915 1162 3020; baseline -0.004 -22"><span class='ocrx_word' id='word_1_184' title='bbox 136 2933 187 2999; x_wconf 77' lang='grc'><strong>24.</strong></span> <span class='ocrx_word' id='word_1_185' title='bbox 220 2951 286 3020; x_wconf 84' lang='lat' dir='ltr'><strong>qna]</strong></span> <span class='ocrx_word' id='word_1_186' title='bbox 305 2967 347 3016; x_wconf 82' lang='lat' dir='ltr'><strong>vg.</strong></span> <span class='ocrx_word' id='word_1_187' title='bbox 384 2915 449 3020; x_wconf 70' lang='lat' dir='ltr'><strong>qnia</strong></span> <span class='ocrx_word' id='word_1_188' title='bbox 469 2945 544 3000; x_wconf 87' lang='lat' dir='ltr'><strong>codd.</strong></span> <span class='ocrx_word' id='word_1_189' title='bbox 694 2942 824 2994; x_wconf 82' lang='lat' dir='ltr'><strong>Manibus</strong></span> <span class='ocrx_word' id='word_1_190' title='bbox 842 2941 1000 3008; x_wconf 81' lang='lat' dir='ltr'><strong>Servilibns]</strong></span> <span class='ocrx_word' id='word_1_191' title='bbox 1018 2941 1103 2995; x_wconf 83' lang='lat' dir='ltr'><strong>Etiam</strong></span> <span class='ocrx_word' id='word_1_192' title='bbox 1123 2941 1162 2994; x_wconf 85' lang='lat' dir='ltr'><strong>his</strong></span> 
     </span>
     <span class='ocr_line' id='line_1_26' title="bbox 43 3015 1162 3086; baseline 0.003 -23"><span class='ocrx_word' id='word_1_193' title='bbox 43 3025 120 3068; x_wconf 75' lang='lat' dir='ltr'><strong>utinen</strong></span> <span class='ocrx_word' id='word_1_194' title='bbox 138 3020 207 3086; x_wconf 87' lang='lat' dir='ltr'><strong>quod</strong></span> <span class='ocrx_word' id='word_1_195' title='bbox 227 3021 431 3085; x_wconf 88' lang='lat' dir='ltr'><strong>concedebatur,</strong></span> <span class='ocrx_word' id='word_1_196' title='bbox 450 3018 607 3072; x_wconf 87' lang='lat' dir='ltr'><strong>laudaverim</strong></span> <span class='ocrx_word' id='word_1_197' title='bbox 627 3017 711 3083; x_wconf 86' lang='lat' dir='ltr'><strong>potius</strong></span> <span class='ocrx_word' id='word_1_198' title='bbox 729 3015 905 3067; x_wconf 86' lang='lat' dir='ltr'><strong>Romanorum</strong></span> <span class='ocrx_word' id='word_1_199' title='bbox 924 3016 1061 3082; x_wconf 85' lang='lat' dir='ltr'><strong>pietatem,</strong></span> <span class='ocrx_word' id='word_1_200' title='bbox 1084 3030 1162 3080; x_wconf 86' lang='lat' dir='ltr'><strong>quam</strong></span> 
     </span>
     <span class='ocr_line' id='line_1_27' title="bbox 42 3083 1157 3159; baseline 0.004 -27"><span class='ocrx_word' id='word_1_201' title='bbox 42 3099 89 3138; x_wconf 89' lang='lat' dir='ltr'><strong>cum</strong></span> <span class='ocrx_word' id='word_1_202' title='bbox 104 3091 236 3159; x_wconf 83' lang='lat' dir='ltr'><strong>Scaligero</strong></span> <span class='ocrx_word' id='word_1_203' title='bbox 254 3094 377 3149; x_wconf 81' lang='lat' dir='ltr'><strong>arvales,</strong></span> <span class='ocrx_word' id='word_1_204' title='bbox 403 3109 460 3144; x_wconf 86' lang='lat' dir='ltr'><strong>cnm</strong></span> <span class='ocrx_word' id='word_1_205' title='bbox 479 3091 579 3158; x_wconf 86' lang='lat' dir='ltr'><strong>Popma</strong></span> <span class='ocrx_word' id='word_1_206' title='bbox 597 3083 738 3138; x_wconf 83' lang='lat' dir='ltr'><strong>sextilib&#39;ns</strong></span> <span class='ocrx_word' id='word_1_207' title='bbox 756 3087 892 3152; x_wconf 85' lang='lat' dir='ltr'><strong>corrigam.</strong></span> <span class='ocrx_word' id='word_1_208' title='bbox 975 3116 977 3120; x_wconf 93' lang='lat'>-</span> <span class='ocrx_word' id='word_1_209' title='bbox 1024 3085 1052 3134; x_wconf 88' lang='lat' dir='ltr'><strong>in</strong></span> <span class='ocrx_word' id='word_1_210' title='bbox 1068 3085 1157 3152; x_wconf 82' lang='lat' dir='ltr'><strong>priore</strong></span> 
     </span>
     <span class='ocr_line' id='line_1_28' title="bbox 41 3151 1159 3226; baseline -0.005 -12"><span class='ocrx_word' id='word_1_211' title='bbox 41 3151 104 3224; x_wconf 71' lang='lat' dir='ltr'><strong>libro]</strong></span> <span class='ocrx_word' id='word_1_212' title='bbox 121 3164 144 3226; x_wconf 65' lang='grc' dir='ltr'><strong>ἓ.</strong></span> <span class='ocrx_word' id='word_1_213' title='bbox 156 3166 216 3216; x_wconf 86' lang='grc'><strong>164.</strong></span> <span class='ocrx_word' id='word_1_214' title='bbox 235 3172 261 3216; x_wconf 89' lang='lat' dir='ltr'><strong>et</strong></span> <span class='ocrx_word' id='word_1_215' title='bbox 283 3165 392 3218; x_wconf 89' lang='lat' dir='ltr'><strong>deloco</strong></span> <span class='ocrx_word' id='word_1_216' title='bbox 411 3180 442 3216; x_wconf 89' lang='lat' dir='ltr'><strong>eo</strong></span> <span class='ocrx_word' id='word_1_217' title='bbox 461 3164 486 3215; x_wconf 88' lang='lat' dir='ltr'><strong>in</strong></span> <span class='ocrx_word' id='word_1_218' title='bbox 506 3163 584 3212; x_wconf 77' lang='lat' dir='ltr'><strong>Nova</strong></span> <span class='ocrx_word' id='word_1_219' title='bbox 603 3159 650 3211; x_wconf 79' lang='lat' dir='ltr'><strong>via</strong></span> <span class='ocrx_word' id='word_1_220' title='bbox 668 3161 693 3222; x_wconf 84' lang='lat'><strong>§.</strong></span> <span class='ocrx_word' id='word_1_221' title='bbox 709 3160 752 3208; x_wconf 81' lang='lat'><strong>43.</strong></span> <span class='ocrx_word' id='word_1_222' title='bbox 871 3153 1040 3226; x_wconf 82' lang='lat' dir='ltr'><strong>Pagannlic]</strong></span> <span class='ocrx_word' id='word_1_223' title='bbox 1059 3157 1159 3216; x_wconf 80' lang='lat' dir='ltr'><strong>Aldina.</strong></span> 
     </span>
     <span class='ocr_line' id='line_1_29' title="bbox 39 3227 1159 3306; baseline 0.001 -26"><span class='ocrx_word' id='word_1_224' title='bbox 39 3232 205 3295; x_wconf 64' lang='lat' dir='ltr'><strong>angarialibus</strong></span> <span class='ocrx_word' id='word_1_225' title='bbox 222 3235 296 3287; x_wconf 89' lang='lat' dir='ltr'><strong>codd.</strong></span> <span class='ocrx_word' id='word_1_226' title='bbox 340 3234 497 3306; x_wconf 83' lang='lat' dir='ltr'><strong>Pagnnolia</strong></span> <span class='ocrx_word' id='word_1_227' title='bbox 521 3249 611 3282; x_wconf 83' lang='lat' dir='ltr'><strong>eorum</strong></span> <span class='ocrx_word' id='word_1_228' title='bbox 630 3228 765 3292; x_wconf 87' lang='lat' dir='ltr'><strong>Savinius,</strong></span> <span class='ocrx_word' id='word_1_229' title='bbox 793 3227 826 3279; x_wconf 87' lang='lat' dir='ltr'><strong>dc</strong></span> <span class='ocrx_word' id='word_1_230' title='bbox 850 3229 956 3294; x_wconf 82' lang='lat' dir='ltr'><strong>privatis</strong></span> <span class='ocrx_word' id='word_1_231' title='bbox 981 3228 1159 3281; x_wconf 82' lang='lat' dir='ltr'><strong>Romanorum</strong></span> 
     </span>
     <span class='ocr_line' id='line_1_30' title="bbox 43 3299 1159 3377; baseline 0.002 -27"><span class='ocrx_word' id='word_1_232' title='bbox 43 3302 122 3368; x_wconf 80' lang='lat' dir='ltr'><strong>saeris,</strong></span> <span class='ocrx_word' id='word_1_233' title='bbox 147 3305 306 3377; x_wconf 76' lang='lat' dir='ltr'><strong>zeitschrift</strong></span> <span class='ocrx_word' id='word_1_234' title='bbox 328 3307 382 3377; x_wconf 86' lang='lat' dir='ltr'><strong>fiir</strong></span> <span class='ocrx_word' id='word_1_235' title='bbox 405 3302 564 3376; x_wconf 77' lang='lat' dir='ltr'><strong>geschichtl.</strong></span> <span class='ocrx_word' id='word_1_236' title='bbox 583 3303 617 3354; x_wconf 84' lang='lat' dir='ltr'><strong>R.</strong></span> <span class='ocrx_word' id='word_1_237' title='bbox 628 3299 673 3353; x_wconf 89' lang='lat' dir='ltr'><strong>W.</strong></span> <span class='ocrx_word' id='word_1_238' title='bbox 699 3302 740 3363; x_wconf 89' lang='lat' dir='ltr'><strong>ll,</strong></span> <span class='ocrx_word' id='word_1_239' title='bbox 759 3301 807 3351; x_wconf 85' lang='grc' dir='ltr'><strong>ΙΙΙ.</strong></span> <span class='ocrx_word' id='word_1_240' title='bbox 834 3316 859 3366; x_wconf 91' lang='lat' dir='ltr'><strong>p.</strong></span> <span class='ocrx_word' id='word_1_241' title='bbox 876 3303 938 3368; x_wconf 81' lang='grc' dir='ltr'><strong>3β1.</strong></span> <span class='ocrx_word' id='word_1_242' title='bbox 990 3301 1032 3352; x_wconf 74' lang='lat' dir='ltr'><strong>Ad</strong></span> <span class='ocrx_word' id='word_1_243' title='bbox 1056 3317 1159 3352; x_wconf 84' lang='lat' dir='ltr'><strong>sensum</strong></span> 
     </span>
     <span class='ocr_line' id='line_1_31' title="bbox 43 3371 1010 3450; baseline 0.002 -30"><span class='ocrx_word' id='word_1_244' title='bbox 43 3378 116 3439; x_wconf 83' lang='lat' dir='ltr'><strong>recte,</strong></span> <span class='ocrx_word' id='word_1_245' title='bbox 141 3377 187 3428; x_wconf 85' lang='lat' dir='ltr'><strong>sed</strong></span> <span class='ocrx_word' id='word_1_246' title='bbox 205 3394 294 3428; x_wconf 86' lang='lat' dir='ltr'><strong>eorum</strong></span> <span class='ocrx_word' id='word_1_247' title='bbox 312 3379 395 3433; x_wconf 84' lang='lat' dir='ltr'><strong>Varro</strong></span> <span class='ocrx_word' id='word_1_248' title='bbox 414 3379 534 3450; x_wconf 78' lang='lat' dir='ltr'><strong>omittere</strong></span> <span class='ocrx_word' id='word_1_249' title='bbox 552 3377 662 3443; x_wconf 83' lang='lat' dir='ltr'><strong>poteret.</strong></span> <span class='ocrx_word' id='word_1_250' title='bbox 700 3371 741 3422; x_wconf 80' lang='lat' dir='ltr'><strong>Cf.</strong></span> <span class='ocrx_word' id='word_1_251' title='bbox 759 3376 845 3422; x_wconf 85' lang='lat' dir='ltr'><strong>annot.</strong></span> <span class='ocrx_word' id='word_1_252' title='bbox 864 3371 897 3422; x_wconf 86' lang='lat' dir='ltr'><strong>ad</strong></span> <span class='ocrx_word' id='word_1_253' title='bbox 914 3371 948 3435; x_wconf 87' lang='lat' dir='ltr'><strong>V,</strong></span> <span class='ocrx_word' id='word_1_254' title='bbox 966 3375 1010 3422; x_wconf 84' lang='lat'><strong>96.</strong></span> 
     </span>
    </p>
   </div>
   <div class='ocr_carea' id='block_1_5' title="bbox 136 3463 1159 3564">
    <p class='ocr_par' dir='ltr' id='par_1_6' title="bbox 136 3463 1159 3564">
     <span class='ocr_line' id='line_1_32' title="bbox 136 3463 1159 3564; baseline -0.011 -14"><span class='ocrx_word' id='word_1_255' title='bbox 136 3485 189 3550; x_wconf 83' lang='grc'><strong>25.</strong></span> <span class='ocrx_word' id='word_1_256' title='bbox 218 3499 248 3549; x_wconf 84' lang='lat' dir='ltr'><strong>de</strong></span> <span class='ocrx_word' id='word_1_257' title='bbox 264 3499 409 3552; x_wconf 75' lang='lat' dir='ltr'><strong>annalibus</strong></span> <span class='ocrx_word' id='word_1_258' title='bbox 427 3517 497 3550; x_wconf 73' lang='lat' dir='ltr'><strong>nurse</strong></span> <span class='ocrx_word' id='word_1_259' title='bbox 519 3497 617 3562; x_wconf 83' lang='lat' dir='ltr'><strong>dicam]</strong></span> <span class='ocrx_word' id='word_1_260' title='bbox 637 3463 885 3564; x_wconf 35' lang='lat' dir='ltr'><strong>scripsi&#39;Spengelio</strong></span> <span class='ocrx_word' id='word_1_261' title='bbox 899 3491 1030 3544; x_wconf 80' lang='lat' dir='ltr'><strong>suadente.</strong></span> <span class='ocrx_word' id='word_1_262' title='bbox 1060 3491 1091 3539; x_wconf 85' lang='lat' dir='ltr'><strong>de</strong></span> <span class='ocrx_word' id='word_1_263' title='bbox 1106 3507 1159 3549; x_wconf 69' lang='lat' dir='ltr'><strong>aa·</strong></span> 
     </span>
    </p>
   </div>
   <div class='ocr_carea' id='block_1_6' title="bbox 43 3559 1382 3640">
    <p class='ocr_par' dir='ltr' id='par_1_7' title="bbox 43 3559 1382 3640">
     <span class='ocr_line' id='line_1_33' title="bbox 43 3559 1382 3640; baseline -0.003 -26"><span class='ocrx_word' id='word_1_264' title='bbox 43 3566 134 3622; x_wconf 66' lang='lat' dir='ltr'><strong>naliter</strong></span> <span class='ocrx_word' id='word_1_265' title='bbox 151 3591 199 3624; x_wconf 83' lang='lat' dir='ltr'><strong>nec</strong></span> <span class='ocrx_word' id='word_1_266' title='bbox 216 3571 247 3620; x_wconf 83' lang='lat' dir='ltr'><strong>dc</strong></span> <span class='ocrx_word' id='word_1_267' title='bbox 273 3573 318 3638; x_wconf 85' lang='lat' dir='ltr'><strong>(ut</strong></span> <span class='ocrx_word' id='word_1_268' title='bbox 336 3574 361 3624; x_wconf 88' lang='lat' dir='ltr'><strong>b.</strong></span> <span class='ocrx_word' id='word_1_269' title='bbox 381 3587 428 3640; x_wconf 87' lang='lat' dir='ltr'><strong>pto</strong></span> <span class='ocrx_word' id='word_1_270' title='bbox 446 3588 493 3621; x_wconf 83' lang='lat' dir='ltr'><strong>nec</strong></span> <span class='ocrx_word' id='word_1_271' title='bbox 512 3569 556 3636; x_wconf 80' lang='lat' dir='ltr'><strong>cle)</strong></span> <span class='ocrx_word' id='word_1_272' title='bbox 578 3567 695 3619; x_wconf 78' lang='lat' dir='ltr'><strong>statutis</strong></span> <span class='ocrx_word' id='word_1_273' title='bbox 722 3565 808 3617; x_wconf 85' lang='lat' dir='ltr'><strong>dicam</strong></span> <span class='ocrx_word' id='word_1_274' title='bbox 836 3563 910 3616; x_wconf 87' lang='lat' dir='ltr'><strong>codd.</strong></span> <span class='ocrx_word' id='word_1_275' title='bbox 953 3581 1024 3612; x_wconf 84' lang='lat' dir='ltr'><strong>nunc</strong></span> <span class='ocrx_word' id='word_1_276' title='bbox 1050 3561 1082 3610; x_wconf 78' lang='lat' dir='ltr'><strong>(lc</strong></span> <span class='ocrx_word' id='word_1_277' title='bbox 1106 3579 1158 3611; x_wconf 82' lang='grc' dir='ltr'><strong>αιι-</strong></span> <span class='ocrx_word' id='word_1_278' title='bbox 1267 3611 1269 3618; x_wconf 70' lang='grc'><strong>,</strong></span> <span class='ocrx_word' id='word_1_279' title='bbox 1378 3559 1382 3566; x_wconf 75' lang='grc'><strong>’</strong></span> 
     </span>
    </p>
   </div>
   <div class='ocr_carea' id='block_1_7' title="bbox 42 3631 1203 4068">
    <p class='ocr_par' dir='ltr' id='par_1_8' title="bbox 42 3631 1203 4068">
     <span class='ocr_line' id='line_1_34' title="bbox 43 3631 1203 3710; baseline 0.002 -28"><span class='ocrx_word' id='word_1_280' title='bbox 43 3638 134 3692; x_wconf 79' lang='lat' dir='ltr'><strong>nulibus</strong></span> <span class='ocrx_word' id='word_1_281' title='bbox 151 3643 237 3692; x_wconf 81' lang='lat' dir='ltr'><strong>dicam</strong></span> <span class='ocrx_word' id='word_1_282' title='bbox 255 3637 295 3709; x_wconf 66' lang='lat' dir='ltr'><strong>vg.</strong></span> <span class='ocrx_word' id='word_1_283' title='bbox 447 3637 668 3710; x_wconf 78' lang='lat' dir='ltr'><strong>Compitalibua*]</strong></span> <span class='ocrx_word' id='word_1_284' title='bbox 687 3640 753 3691; x_wconf 88' lang='lat' dir='ltr'><strong>coni.</strong></span> <span class='ocrx_word' id='word_1_285' title='bbox 805 3645 837 3686; x_wconf 82' lang='lat' dir='ltr'><strong>ut</strong></span> <span class='ocrx_word' id='word_1_286' title='bbox 855 3633 921 3684; x_wconf 84' lang='lat' dir='ltr'><strong>alibi</strong></span> <span class='ocrx_word' id='word_1_287' title='bbox 938 3631 1008 3702; x_wconf 80' lang='lat' dir='ltr'><strong>(albi</strong></span> <span class='ocrx_word' id='word_1_288' title='bbox 1025 3633 1064 3699; x_wconf 84' lang='lat' dir='ltr'><strong>a.)</strong></span> <span class='ocrx_word' id='word_1_289' title='bbox 1081 3633 1156 3684; x_wconf 85' lang='lat' dir='ltr'><strong>codd.</strong></span> <span class='ocrx_word' id='word_1_290' title='bbox 1201 3698 1203 3701; x_wconf 86' lang='lat'>.</span> 
     </span>
     <span class='ocr_line' id='line_1_35' title="bbox 44 3705 1157 3779; baseline 0.001 -24"><span class='ocrx_word' id='word_1_291' title='bbox 44 3706 135 3764; x_wconf 85' lang='lat' dir='ltr'><strong>Scilicet</strong></span> <span class='ocrx_word' id='word_1_292' title='bbox 158 3731 220 3766; x_wconf 85' lang='lat' dir='ltr'><strong>casu</strong></span> <span class='ocrx_word' id='word_1_293' title='bbox 244 3713 338 3766; x_wconf 80' lang='lat' dir='ltr'><strong>sactum</strong></span> <span class='ocrx_word' id='word_1_294' title='bbox 364 3721 435 3779; x_wconf 84' lang='lat' dir='ltr'><strong>erat,</strong></span> <span class='ocrx_word' id='word_1_295' title='bbox 460 3721 489 3776; x_wconf 85' lang='lat' dir='ltr'><strong>ut</strong></span> <span class='ocrx_word' id='word_1_296' title='bbox 507 3715 597 3765; x_wconf 87' lang='lat' dir='ltr'><strong>literae</strong></span> <span class='ocrx_word' id='word_1_297' title='bbox 624 3713 702 3776; x_wconf 84' lang='lat' dir='ltr'><strong>Comp</strong></span> <span class='ocrx_word' id='word_1_298' title='bbox 727 3711 923 3770; x_wconf 67' lang='lat' dir='ltr'><strong>senescerent,</strong></span> <span class='ocrx_word' id='word_1_299' title='bbox 954 3705 1044 3757; x_wconf 88' lang='lat' dir='ltr'><strong>ultima</strong></span> <span class='ocrx_word' id='word_1_300' title='bbox 1071 3709 1157 3756; x_wconf 87' lang='lat' dir='ltr'><strong>autem</strong></span> 
     </span>
     <span class='ocr_line' id='line_1_36' title="bbox 44 3775 1157 3858; baseline -0.003 -29"><span class='ocrx_word' id='word_1_301' title='bbox 44 3781 128 3840; x_wconf 82' lang='lat' dir='ltr'><strong>syllaba</strong></span> <span class='ocrx_word' id='word_1_302' title='bbox 144 3787 294 3854; x_wconf 87' lang='lat' dir='ltr'><strong>compendio</strong></span> <span class='ocrx_word' id='word_1_303' title='bbox 313 3787 406 3852; x_wconf 78' lang='lat' dir='ltr'><strong>scripta</strong></span> <span class='ocrx_word' id='word_1_304' title='bbox 424 3792 486 3837; x_wconf 86' lang='lat' dir='ltr'><strong>erat.</strong></span> <span class='ocrx_word' id='word_1_305' title='bbox 524 3786 568 3837; x_wconf 89' lang='lat' dir='ltr'><strong>Sic</strong></span> <span class='ocrx_word' id='word_1_306' title='bbox 587 3797 664 3850; x_wconf 84' lang='lat' dir='ltr'><strong>supra</strong></span> <span class='ocrx_word' id='word_1_307' title='bbox 683 3782 714 3844; x_wconf 89' lang='lat' dir='ltr'><strong>V,</strong></span> <span class='ocrx_word' id='word_1_308' title='bbox 726 3784 770 3832; x_wconf 84' lang='lat'><strong>25.</strong></span> <span class='ocrx_word' id='word_1_309' title='bbox 789 3777 853 3829; x_wconf 85' lang='lat' dir='ltr'><strong>odor</strong></span> <span class='ocrx_word' id='word_1_310' title='bbox 871 3775 907 3858; x_wconf 71' lang='lat' dir='ltr'><strong>ili</strong></span> <span class='ocrx_word' id='word_1_311' title='bbox 923 3777 1018 3858; x_wconf 71' lang='lat' dir='ltr'><strong>scripsi</strong></span> <span class='ocrx_word' id='word_1_312' title='bbox 1033 3775 1157 3845; x_wconf 82' lang='lat' dir='ltr'><strong>pro&#39;odo-</strong></span> 
     </span>
     <span class='ocr_line' id='line_1_37' title="bbox 43 3847 1157 3924; baseline -0.004 -25"><span class='ocrx_word' id='word_1_313' title='bbox 43 3847 111 3902; x_wconf 79' lang='lat' dir='ltr'><strong>ribus.</strong></span> <span class='ocrx_word' id='word_1_314' title='bbox 221 3858 354 3924; x_wconf 76' lang='lat' dir='ltr'><strong>competis]</strong></span> <span class='ocrx_word' id='word_1_315' title='bbox 366 3857 423 3908; x_wconf 73' lang='lat' dir='ltr'><strong>Fe.</strong></span> <span class='ocrx_word' id='word_1_316' title='bbox 456 3856 573 3924; x_wconf 81' lang='lat' dir='ltr'><strong>conpetis</strong></span> <span class='ocrx_word' id='word_1_317' title='bbox 586 3855 620 3906; x_wconf 88' lang='grc' dir='ltr'><strong>Η.</strong></span> <span class='ocrx_word' id='word_1_318' title='bbox 654 3849 749 3920; x_wconf 77' lang='lat' dir='ltr'><strong>sopitis</strong></span> <span class='ocrx_word' id='word_1_319' title='bbox 763 3867 786 3921; x_wconf 77' lang='lat' dir='ltr'><strong>a.</strong></span> <span class='ocrx_word' id='word_1_320' title='bbox 820 3857 941 3916; x_wconf 77' lang='lat' dir='ltr'><strong>compatre</strong></span> <span class='ocrx_word' id='word_1_321' title='bbox 954 3848 980 3900; x_wconf 87' lang='lat' dir='ltr'><strong>b.</strong></span> <span class='ocrx_word' id='word_1_322' title='bbox 1094 3863 1157 3896; x_wconf 83' lang='lat' dir='ltr'><strong>con-</strong></span> 
     </span>
     <span class='ocr_line' id='line_1_38' title="bbox 44 3920 1157 3996; baseline 0 -28"><span class='ocrx_word' id='word_1_323' title='bbox 44 3923 157 3992; x_wconf 70' lang='lat' dir='ltr'><strong>reprimi]</strong></span> <span class='ocrx_word' id='word_1_324' title='bbox 176 3945 218 3994; x_wconf 81' lang='lat' dir='ltr'><strong>vg.</strong></span> <span class='ocrx_word' id='word_1_325' title='bbox 255 3928 420 3996; x_wconf 69' lang='lat' dir='ltr'><strong>conceptione</strong></span> <span class='ocrx_word' id='word_1_326' title='bbox 439 3929 513 3980; x_wconf 89' lang='lat' dir='ltr'><strong>codd.</strong></span> <span class='ocrx_word' id='word_1_327' title='bbox 531 3928 579 3978; x_wconf 86' lang='lat' dir='ltr'><strong>uisi</strong></span> <span class='ocrx_word' id='word_1_328' title='bbox 599 3923 667 3991; x_wconf 88' lang='lat' dir='ltr'><strong>quod</strong></span> <span class='ocrx_word' id='word_1_329' title='bbox 686 3920 861 3988; x_wconf 79' lang='lat' dir='ltr'><strong>conseptimus</strong></span> <span class='ocrx_word' id='word_1_330' title='bbox 883 3920 906 3971; x_wconf 92' lang='lat' dir='ltr'><strong>b.</strong></span> <span class='ocrx_word' id='word_1_331' title='bbox 1053 3933 1157 3968; x_wconf 83' lang='lat' dir='ltr'><strong>carnem</strong></span> 
     </span>
     <span class='ocr_line' id='line_1_39' title="bbox 42 3995 1172 4068; baseline 0.004 -30"><span class='ocrx_word' id='word_1_332' title='bbox 42 4001 117 4053; x_wconf 81' lang='lat' dir='ltr'><strong>petere</strong></span> <span class='ocrx_word' id='word_1_333' title='bbox 128 3997 191 4067; x_wconf 80' lang='lat' dir='ltr'><strong>fuit</strong></span> <span class='ocrx_word' id='word_1_334' title='bbox 209 4000 263 4064; x_wconf 82' lang='lat' dir='ltr'><strong>luo]</strong></span> <span class='ocrx_word' id='word_1_335' title='bbox 283 4000 314 4052; x_wconf 86' lang='lat' dir='ltr'><strong>cl&#39;.</strong></span> <span class='ocrx_word' id='word_1_336' title='bbox 334 4001 455 4068; x_wconf 82' lang='lat' dir='ltr'><strong>imprimis</strong></span> <span class='ocrx_word' id='word_1_337' title='bbox 472 3999 550 4051; x_wconf 82' lang='lat' dir='ltr'><strong>Plinii</strong></span> <span class='ocrx_word' id='word_1_338' title='bbox 574 3997 607 4050; x_wconf 89' lang='lat' dir='ltr'><strong>N.</strong></span> <span class='ocrx_word' id='word_1_339' title='bbox 626 3997 661 4048; x_wconf 86' lang='lat' dir='ltr'><strong>H.</strong></span> <span class='ocrx_word' id='word_1_340' title='bbox 681 3995 735 4058; x_wconf 88' lang='grc' dir='ltr'>ΙΙΙ,</span> <span class='ocrx_word' id='word_1_341' title='bbox 754 3998 786 4057; x_wconf 76' lang='lat'><strong>6,</strong></span> <span class='ocrx_word' id='word_1_342' title='bbox 805 3997 830 4043; x_wconf 83' lang='lat'><strong>9.</strong></span> <span class='ocrx_word' id='word_1_343' title='bbox 1169 4001 1172 4008; x_wconf 82' lang='grc'>’</span> 
     </span>
    </p>
   </div>
   <div class='ocr_carea' id='block_1_8' title="bbox 45 4096 1155 4268">
    <p class='ocr_par' dir='ltr' id='par_1_9' title="bbox 45 4096 1155 4268">
     <span class='ocr_line' id='line_1_40' title="bbox 139 4096 1155 4192; baseline -0.011 -18"><span class='ocrx_word' id='word_1_344' title='bbox 139 4111 192 4176; x_wconf 82' lang='grc'><strong>26.</strong></span> <span class='ocrx_word' id='word_1_345' title='bbox 223 4096 375 4192; x_wconf 68' lang='lat' dir='ltr'><strong>susceptae]</strong></span> <span class='ocrx_word' id='word_1_346' title='bbox 390 4141 432 4192; x_wconf 81' lang='lat' dir='ltr'><strong>vg.</strong></span> <span class='ocrx_word' id='word_1_347' title='bbox 476 4132 601 4190; x_wconf 79' lang='lat' dir='ltr'><strong>suscepta</strong></span> <span class='ocrx_word' id='word_1_348' title='bbox 620 4118 695 4173; x_wconf 90' lang='lat' dir='ltr'><strong>codd.</strong></span> <span class='ocrx_word' id='word_1_349' title='bbox 832 4113 909 4186; x_wconf 74' lang='lat' dir='ltr'><strong>pagi]</strong></span> <span class='ocrx_word' id='word_1_350' title='bbox 927 4114 1026 4184; x_wconf 73' lang='lat' dir='ltr'><strong>scripsi.</strong></span> <span class='ocrx_word' id='word_1_351' title='bbox 1062 4130 1155 4184; x_wconf 78' lang='lat' dir='ltr'><strong>pagus</strong></span> 
     </span>
     <span class='ocr_line' id='line_1_41' title="bbox 45 4185 973 4268; baseline -0.008 -23"><span class='ocrx_word' id='word_1_352' title='bbox 45 4191 104 4247; x_wconf 74' lang='lat' dir='ltr'><strong>⁰⁰dtl.</strong></span> <span class='ocrx_word' id='word_1_353' title='bbox 139 4197 220 4248; x_wconf 83' lang='lat' dir='ltr'><strong>omnis</strong></span> <span class='ocrx_word' id='word_1_354' title='bbox 235 4214 325 4268; x_wconf 78' lang='lat' dir='ltr'><strong>pagus</strong></span> <span class='ocrx_word' id='word_1_355' title='bbox 343 4213 385 4262; x_wconf 81' lang='lat' dir='ltr'><strong>vg.</strong></span> <span class='ocrx_word' id='word_1_356' title='bbox 491 4193 644 4262; x_wconf 80' lang='lat' dir='ltr'><strong>perspicuo]</strong></span> <span class='ocrx_word' id='word_1_357' title='bbox 663 4208 705 4256; x_wconf 86' lang='lat' dir='ltr'><strong>vg.</strong></span> <span class='ocrx_word' id='word_1_358' title='bbox 744 4187 876 4257; x_wconf 81' lang='lat' dir='ltr'><strong>perspicio</strong></span> <span class='ocrx_word' id='word_1_359' title='bbox 895 4185 973 4238; x_wconf 58' lang='lat' dir='ltr'><strong>codd,</strong></span> 
     </span>
    </p>
   </div>
   <div class='ocr_carea' id='block_1_9' title="bbox 137 4279 1152 4386">
    <p class='ocr_par' dir='ltr' id='par_1_10' title="bbox 137 4279 1152 4386">
     <span class='ocr_line' id='line_1_42' title="bbox 137 4279 1152 4386; baseline -0.012 -14"><span class='ocrx_word' id='word_1_360' title='bbox 137 4307 187 4374; x_wconf 78' lang='grc'><strong>27.</strong></span> <span class='ocrx_word' id='word_1_361' title='bbox 221 4319 362 4386; x_wconf 70' lang='lat' dir='ltr'><strong>namneti]</strong></span> <span class='ocrx_word' id='word_1_362' title='bbox 380 4279 528 4376; x_wconf 75' lang='lat' dir='ltr'><strong>noninalae</strong></span> <span class='ocrx_word' id='word_1_363' title='bbox 547 4318 608 4371; x_wconf 84' lang='lat' dir='ltr'><strong>GH.</strong></span> <span class='ocrx_word' id='word_1_364' title='bbox 749 4313 854 4378; x_wconf 81' lang='lat' dir='ltr'><strong>mensis]</strong></span> <span class='ocrx_word' id='word_1_365' title='bbox 872 4329 915 4382; x_wconf 65' lang='lat' dir='ltr'><strong>vg»</strong></span> <span class='ocrx_word' id='word_1_366' title='bbox 952 4327 1051 4365; x_wconf 75' lang='lat' dir='ltr'><strong>menses</strong></span> <span class='ocrx_word' id='word_1_367' title='bbox 1069 4303 1152 4360; x_wconf 85' lang='lat' dir='ltr'>FGH.</span> 
     </span>
    </p>
   </div>
   <div class='ocr_carea' id='block_1_10' title="bbox 697 4415 744 4478">
    <p class='ocr_par' dir='ltr' id='par_1_11' title="bbox 697 4415 744 4478">
     <span class='ocr_line' id='line_1_43' title="bbox 697 4415 744 4478; baseline 0 -34"><span class='ocrx_word' id='word_1_368' title='bbox 697 4415 744 4478; x_wconf 63' lang='grc'><strong>6.</strong></span> 
     </span>
    </p>
   </div>
   <div class='ocr_carea' id='block_1_11' title="bbox 0 0 1436 4814">
    <p class='ocr_par' dir='ltr' id='par_1_12' title="bbox 0 0 1436 4814">
     <span class='ocr_line' id='line_1_44' title="bbox 0 0 1436 4814; baseline 0 0"><span class='ocrx_word' id='word_1_369' title='bbox 0 0 1436 4814; x_wconf 95' lang='lat' dir='ltr'><strong> </strong></span> 
     </span>
    </p>
   </div>
  </div>
 </body>
</html>
