2890 4820
287 233 342 308 26
652 259 774 303 crana
813 253 1009 313 ouranos.

388 415 455 492 (ib.
493 415 590 490 idem
613 415 650 488 hi
674 414 748 508 dei,
786 411 929 488 Geclum
955 425 991 486 et
1019 414 1153 506 Terra,
1192 353 1396 512 Iuppiter

288 534 325 596 et
346 520 455 612 luno,
487 517 599 617 qnod,
631 527 671 590 nl
693 519 740 589 ait
762 513 918 609 Ennius,

400 652 490 720 Istic
525 663 579 720 est
612 651 643 719 is
673 631 843 743 Iuppile'r
867 667 974 741 quem
1002 643 1103 729 dico,
1136 667 1241 739 quem
1266 647 1398 715 Graeci

902 758 1033 816 vocant

400 845 534 951 Ἀέρα,
572 850 634 943 qui
663 862 790 920 verolus
814 860 869 917 est
894 860 929 916 el
955 845 1088 932 nubes,
1124 845 1238 916 imber
1260 861 1397 940 posteo,

301 982 305 994 '
401 977 523 1074 Atque
555 1003 598 1048 ex
631 977 745 1048 imbre
770 978 925 1074 frigus,
960 988 1083 1048 ventris
1110 988 1199 1069 post
1226 975 1298 1070 fil,
1338 985 1397 1049 oi'r

903 1079 1030 1147 donico.

399 1183 547 1252 Hoeoce
567 1192 724 1274 propter
739 1179 909 1274 Iuppiter
927 1191 1011 1248 sum
1028 1181 1100 1249 islo
1114 1203 1209 1274 queue
1222 1180 1304 1248 dico
1325 1179 1396 1266 libi,

401 1313 583 1403 Quoniam
599 1309 765 1378 mortalis
784 1320 894 1402 alque
911 1307 1021 1426 urbes
1038 1307 1245 1402 belluasque
1266 1309 1398 1380 omneis

243 1507 394 1604 aanod
417 1509 500 1582 hino
524 1508 654 1582 omneis
678 1517 713 1579 et
735 1503 800 1577 sub
824 1422 1077 1601 homuhhchtdcm
1101 1505 1275 1606 appellans
1297 1506 1395 1582 dicit:

246 1371 279 1437 ΖΞ

400 1641 607 1733 Divomque
631 1638 886 1730 hominumque
907 1650 1021 1732 pater
1045 1661 1121 1708 rex.
1158 1719 1163 1736 .

286 1767 418 1838 Pater
438 1764 531 1862 quod
550 1763 733 1863 patefaciat
753 1788 881 1852 semen,
906 1788 986 1834 nam
1007 1773 1081 1838 tum
1103 1789 1177 1837 csso
1197 1777 1397 1864 conceptum

287 1867 415 1964 patet*‚
442 1865 623 1938 indacum
649 1866 718 1936 exit
742 1861 835 1961 qnod
857 1864 976 1936 oritur.
1098 1864 1165 1940 66.
1201 1867 1284 1938 Hoc
1309 1868 1396 1940 idem

286 1970 396 2068 magis
421 1965 568 2041 ostendit
591 1967 766 2063 antiquina
790 1965 884 2036 Iovis
908 1990 1052 2058 nomen3
1087 1992 1168 2038 nam
1193 1967 1274 2040 olim
1299 1969 1397 2041 Dio·

219 2071 354 2160 (lamis
380 2078 416 2140 ct
446 2068 675 2164 Diespiter
707 2065 839 2157 lienis,
878 2065 914 2136 id
938 2076 989 2137 est
1013 2067 1086 2138 dics
1109 2080 1217 2165 pater.
1268 2064 1398 2170 Anno
1432 2107 1433 2112 .

220 2168 357 2269 ..andei
391 2169 473 2244 dieti
507 2169 567 2266 qni
601 2168 701 2260 inde,
744 2177 778 2240 et
810 2166 910 2237 dius
942 2178 977 2238 ct
1009 2168 1152 2262 divos,
1193 2167 1284 2242 unde
1317 2170 1396 2242 suh

286 2269 411 2363 divo,
449 2269 566 2342 Dius
591 2268 764 2341 Fidius.
827 2268 950 2366 Itaque
981 2268 1060 2341 inde
1090 2271 1162 2344 eins
1192 2270 1397 2367 perforatum
1432 2283 1433 2296 ³

286 2380 435 2464 lectum,
471 2381 509 2442 nt
538 2398 577 2444 ea
602 2368 758 2442 videatur
783 2367 897 2442 divom
922 2368 960 2442 id
985 2380 1040 2442 cst
1062 2369 1216 2468 eaelnm5
1248 2373 1396 2469 ‘quidam

284 2482 413 2570 negant
439 2471 503 2544 suh
536 2484 626 2544 tecto
658 2497 719 2568 per
750 2469 844 2544 hunc
874 2469 1024 2543 deierare
1055 2484 1223 2568 oportere.
1275 2468 1397 2545 Aelius

285 2573 393 2646 Dium
418 2573 556 2646 Fidium
582 2571 718 2644 dicebat
742 2573 863 2644 Diovis
887 2570 1010 2664 filium,
1038 2582 1076 2643 ut
1100 2571 1225 2646 Graeci
1251 2569 1396 2656 Διᾶςκο·

396 2761 448 2828 65.
475 2774 547 2826 Idem
564 2775 604 2842 lu]
617 2773 691 2828 codd.
709 2775 757 2826 nisi
776 2773 844 2839 qnod
862 2771 882 2821 ii
899 2771 939 2823 bc.
974 2772 1035 2824 Dixi
1053 2771 1085 2826 de
1103 2772 1151 2826 hac
1168 2775 1249 2826 formo
1265 2782 1395 2828 contracta

287 2853 372 2899 annot.
388 2847 420 2900 ad
438 2850 515 2912 §.bh
546 2847 721 2913 Interpnnctio
739 2845 814 2896 huius
831 2843 880 2896 loci
898 2857 972 2908 quam
990 2846 1099 2896 maxime
1118 2845 1257 2897 laborabat.
1329 2848 1396 2896 Istic

286 2917 338 2984 est]
357 2917 432 2970 Ennii
450 2918 543 2983 fragm.
562 2935 588 2986 p.
598 2921 651 2968 180
663 2933 718 2982 sqq.
864 2909 951 2980 Ἀέρα]
971 2919 1057 2964 aerem
1075 2916 1150 2968 FGb.
1169 2923 1198 2968 nt
1215 2916 1265 2967 vid.
1284 2934 1357 2967 orem
1375 2935 1395 2970 c.

287 2989 341 3042 Sed
360 2991 488 3041 Graccum
506 2988 583 3039 fnisse
602 2988 626 3040 h.
644 2988 661 3038 l.
680 2985 846 3050 vocabulum,
864 2985 921 3036 inde
939 2985 1103 3052 intelligitur,
1121 2987 1189 3053 quod
1207 2987 1233 3039 id
1251 3003 1302 3039 om.
1318 2989 1354 3040 H.
1372 2995 1397 3040 et

286 3061 377 3111 lacuna
395 3067 436 3112 est
453 3061 478 3111 in
496 3076 519 3111 a.
556 3059 652 3110 Ultima
670 3058 768 3123 syllaba
785 3058 835 3108 arsi
853 3055 1015 3123 producitur,
1041 3070 1124 3123 neque
1143 3073 1209 3124 opus
1225 3065 1255 3108 nt
1271 3061 1397 3110 scribatur

287 3130 397 3199 quique,
422 3131 488 3182 sicut
506 3131 566 3182 iecit
582 3131 712 3181 Columna.
815 3127 921 3192 ventus]
940 3141 982 3192 vg.
1018 3127 1103 3178 sentis
1120 3129 1193 3181 codd.
1282 3129 1396 3194 Ilaecce]

286 3201 351 3251 coni.
370 3201 490 3266 Spengel.
526 3201 591 3250 baec
609 3202 682 3253 codd.
718 3197 801 3249 istaec
818 3197 970 3259 Turnebus,
994 3196 1125 3249 Columna.
1256 3199 1397 3267 Quoniam]

286 3271 352 3323 coni.
389 3287 442 3340 qua
458 3269 531 3322 codd.
548 3272 595 3323 nisi
613 3271 680 3337 quod
698 3269 732 3321 H.
750 3269 814 3340 quio
831 3275 860 3321 ut
876 3269 982 3320 videtur.
1007 3268 1114 3333 lX,3o.
1137 3268 1255 3320 hlahemus
1273 3271 1397 3340 quoniam

287 3359 343 3411 qua
362 3357 407 3409 pro
426 3340 562 3413 quoniam,
581 3349 662 3396 ortum
679 3340 741 3393 illud
759 3347 788 3391 ut
804 3341 904 3392 videtur
922 3356 936 3391 e
955 3338 1125 3407 dittographio
1144 3341 1257 3392 vocabuli
1275 3343 1399 3410 quoniam

287 3417 314 3463 et
330 3413 418 3478 siglae.
437 3413 469 3464 V.
486 3411 572 3464 Praei.
676 3411 746 3476 hinc]
762 3413 826 3463 coni.
844 3411 965 3476 Spengel.
1001 3409 1043 3459 dic
1060 3409 1133 3462 codd.
1239 3409 1396 3482 Diuomqne]

286 3481 362 3535 Ennii
379 3483 470 3548 fragm.
495 3500 520 3549 p.
538 3484 596 3534 146.
644 3480 739 3531 Divom
757 3483 822 3532 coni·
869 3480 957 3532 divum
975 3481 1064 3545 codd,
1089 3481 1156 3546 quod
1181 3479 1257 3533 Ennii
1281 3488 1397 3550 tempore

285 3553 403 3606 Romano
420 3569 465 3606 ore
483 3551 643 3621 pronunciari
659 3567 709 3603 non
727 3557 836 3619 poterat.
916 3551 981 3618 esse]
1000 3551 1067 3604 coni.
1099 3561 1140 3603 est
1158 3551 1232 3604 codd.
1307 3553 1398 3622 potet]

285 3625 351 3676 coni.
386 3634 413 3674 et
429 3625 503 3677 codd.

397 3719 448 3782 66.
477 3731 581 3797 Diovis]
600 3729 639 3782 De
657 3726 705 3780 hoo
723 3731 749 3779 et
767 3726 906 3780 coniunctis
924 3726 1063 3780 nominibus
1081 3728 1146 3780 bene
1163 3741 1245 3792 nuper
1261 3725 1399 3793 disputavit

285 3803 356 3854 Max.
370 3801 485 3855 Schmidt
502 3803 527 3854 in
544 3801 623 3854 lahoii
638 3799 776 3852 Annalibus
793 3797 859 3851 Phil.
872 3805 898 3850 et
908 3797 986 3849 Paed.
1004 3813 1027 3849 a.
1041 3801 1117 3850 18³1.
1136 3797 1167 3851 T.
1183 3797 1242 3859 ΧΠ,
1260 3801 1285 3848 3.
1304 3817 1329 3864 p.
1338 3803 1398 3850 333.

287 3871 432 3940 Diespiter]
450 3873 571 3940 Dispiter
588 3873 618 3924 F.
642 3871 710 3938 quod
727 3870 836 3922 alienum
854 3870 886 3920 nh
905 3867 965 3920 hoo
983 3869 1047 3920 ioco.
1166 3867 1197 3916 id
1211 3867 1263 3931 est]
1281 3867 1350 3917 idem
1368 3869 1399 3920 F.

288 3943 352 4010 dies]
370 3944 387 3996 i.
406 3960 428 3998 e.
448 3942 514 4007 diei,
539 3945 637 4010 patrico
654 3959 732 4004 casu,
750 3942 782 3992 de
800 3955 851 4006 quo
869 3939 898 3992 C.
916 3940 947 3993 L.
966 3939 1104 3991 Schneider
1120 3941 1234 3991 Gramm.
1252 3938 1312 3990 Lat.
1325 3939 1360 4002 ll,
1378 3940 1399 3990 l.

288 4032 313 4082 p.
331 4019 392 4066 355.
521 4012 622 4078 clius]c.
640 4020 669 4066 ut
685 4012 791 4066 videtur.
810 4027 860 4064 om.
878 4011 920 4063 ab.
956 4008 1009 4060 dies
1027 4015 1087 4062 cett.
1219 4007 1303 4074 cbaos]
1322 4008 1400 4059 cliniis

287 4085 361 4136 codd.
379 4086 411 4137 V.
428 4084 495 4136 diota
513 4084 544 4134 ad
563 4087 588 4147 s.
599 4088 624 4134 2.
731 4083 826 4148 divom]
846 4082 935 4132 doum
952 4080 1026 4132 codd.
1127 4097 1176 4147 per
1194 4079 1276 4144 hunc]
1289 4081 1306 4132 i.
1318 4095 1340 4131 e.
1354 4096 1402 4146 per

287 4157 363 4208 Dium
385 4156 492 4207 Fidium.
537 4154 621 4206 Locos
644 4154 773 4207 Plutarchi
798 4153 1060 4210 dunscanorum.
1085 4156 1112 4202 et
1128 4151 1250 4202 Varronis
1274 4166 1315 4216 ap.
1329 4150 1397 4202 h'on.

288 4243 308 4278 o.
325 4241 349 4278 v.
365 4226 437 4277 lituis
456 4227 562 4278 contulit
580 4227 702 4291 Scaliger.
884 4219 1030 4291 Διόςκορον]
1050 4221 1184 4272 dioscoron
1200 4221 1261 4272 Fac.
1297 4220 1399 4270 dioslo-

288 4313 345 4348 nem
358 4297 383 4348 b.
409 4311 457 4349 om.
476 4297 509 4350 H.
530 4298 617 4350 lacuna
635 4298 660 4350 ia
673 4299 722 4361 G.,
746 4297 813 4350 node
831 4295 980 4362 inlelligilar
997 4294 1125 4346 Graecam
1144 4291 1222 4344 luisse
1240 4292 1399 4345 vocobulum.
