2874 4804
461 1047 466 1060 ⁴
505 1032 550 1099 n.
580 967 792 1099 annnam
832 1025 1060 1142 vernonis

531 1287 534 1292 -
615 1313 618 1318 ,
670 1257 723 1305 nx
760 1254 903 1305 nranrs

286 1416 394 1504 DE
476 1399 840 1504 LINGUA
921 1407 1289 1500 LATINA

647 1615 936 1698 rnrcnnncr

663 1977 835 2088 cleia
876 2019 904 2100 ι.

778 2147 799 2188 *

129 2317 134 2330 '
166 2299 261 2398 ς921.
290 2257 483 2400 Sequente
508 2297 545 2373 G
576 2300 633 2376 vel
662 2299 694 2378 C
727 2327 792 2401 pro
817 2327 858 2375 ea
883 2299 920 2375 G
944 2297 1102 2374 scribunt
1132 2298 1285 2396 Graeci3
1324 2311 1366 2374 et

164 2405 366 2505 'quidm
389 2415 505 2477 tamen
534 2406 756 2478 vetustissimi
780 2416 938 2478 auctores
962 2405 1203 2477 Romanorum
1227 2401 1365 2501 cupho-

223 2510 302 2581 niae
327 2532 433 2580 cansa
455 2504 543 2578 bene
566 2504 635 2578 hoc
655 2507 835 2602 facientes,
858 2518 898 2581 ut
917 2502 1155 2605 Agchiscs‚
1179 2531 1364 2606 egeam,

225 2609 440 2708 aggnlus,
475 2632 667 2706 aggeus,
709 2608 804 2706 qnod
829 2607 979 2682 ostendit
1004 2624 1152 2681 VARRO
1185 2610 1222 2682 in
1249 2609 1367 2708 primo

225 2711 270 2784 de
295 2711 429 2809 origine
453 2707 593 2808 linguae
617 2710 764 2785 Latinae
789 2709 844 2784 his
870 2707 1008 2783 verbis:

335 2835 385 2904 Ut
407 2834 480 2904 Ion
506 2834 654 2925 scribit,
681 2837 811 2930 quinta
835 2833 1010 2907 vicesima
1035 2847 1072 2930 et
1096 2835 1224 2906 littera
1249 2857 1367 2930 quam

278 2961 407 3032 segma
429 2949 573 3028 vocant,
596 2939 700 3009 cuins
716 2937 853 3030 formo
874 2936 991 3026 nulla,
1013 2949 1049 3006 et
1068 2961 1138 3010 vox
1159 2937 1368 3008 communie

280 3052 336 3110 est
363 3039 520 3109 Graecis
545 3053 582 3110 et
605 3041 778 3127 Latinio,
811 3051 852 3110 ut
884 3039 942 3108 his
971 3037 1114 3110 verbis:
1145 3040 1369 3134 aggarus,

279 3165 472 3235 aggeres,
497 3143 733 3237 agguillca
757 3144 988 3238 iggerunt.
1024 3142 1089 3212 ΙΙη
1113 3139 1370 3212 huiuscemodi

282 3243 423 3313 Graeci
447 3255 484 3312 et
508 3243 649 3316 Accius
677 3257 803 3316 noster
834 3241 923 3314 bino
948 3267 1002 3338 gg
1025 3241 1215 3334 scribunt,
1245 3244 1315 3314 olii
1339 3269 1370 3314 n

280 3357 316 3415 et
338 3369 385 3438 g,
420 3337 520 3437 quod
545 3346 585 3416 in
608 3346 677 3417 hoc
697 3348 891 3419 veritatem
912 3346 1040 3417 videre
1058 3344 1182 3437 facile
1206 3358 1371 3418 nonest.

229 3460 503 3518 enrscrsnes
528 3455 613 3520 tom.
631 3444 674 3542 1,
700 3471 783 3547 pag.
801 3441 871 3518 57.
905 3443 984 3542 itt.
1000 3471 1038 3546 p.
1054 3440 1152 3518 556.
1174 3446 1223 3518 P.

788 3619 810 3663 pr

193 3811 195 3816 Ι
345 3732 375 3798 l.
395 3765 446 3818 pro
464 3747 508 3812 ca]
527 3747 545 3800 i.
565 3763 589 3802 e.
607 3749 684 3802 litera
701 3745 735 3801 N.
876 3749 912 3799 In
929 3746 1122 3818 huiuscemodi]
1141 3747 1218 3802 Haec
1235 3749 1370 3817 prioribus

232 3818 421 3886 continuanda,
449 3823 476 3870 et
493 3819 617 3872 Varronis
635 3820 720 3872 verbis
738 3817 898 3872 accensenda
917 3819 1028 3874 inerunt.
1141 3819 1244 3873 Accius
1262 3821 1368 3887 noster]

231 3893 337 3945 Accium
357 3890 423 3944 hunc
442 3889 552 3944 eundem
570 3890 667 3956 habeo,
692 3889 727 3942 sd
746 3905 822 3957 quem
841 3893 925 3946 Varro
943 3893 1009 3944 alios
1031 3891 1066 3943 de
1088 3893 1265 3957 grammaticis
1289 3893 1371 3944 rebus

230 3963 308 4016 libros
343 3962 454 4030 scripsit.
515 3962 560 4014 Sic
584 3963 724 4031 Pompeius
755 3963 782 4014 in
807 3962 908 4014 Gomm.
933 3963 1005 4016 Artis
1027 3963 1124 4015 Donati
1147 3981 1173 4030 p.
1195 3967 1220 4015 9.
1250 3963 1370 4016 Lindem.

233 4034 320 4085 Varro
339 4034 404 4086 dicit
426 4029 565 4094 inlibris,
588 4052 654 4105 quoa
672 4033 710 4083 ad
724 4031 836 4085 Actium
855 4033 984 4102 (Atticum
1001 4035 1119 4088 voluerat
1136 4034 1322 4088 Ruhnkenius:
1344 4041 1372 4086 at

231 4103 291 4156 huic
309 4105 389 4157 libros
406 4105 439 4157 de
456 4105 489 4158 V.
508 4105 539 4157 P.
553 4105 589 4157 R.
607 4105 758 4173 perscripsit
775 4105 875 4171 Varr03
901 4110 930 4158 et
946 4112 1019 4159 recte
1037 4106 1077 4158 iili
1094 4105 1241 4173 obloquitur
1259 4105 1371 4159 Schnei-

230 4176 286 4230 der.
313 4175 339 4226 in
364 4176 488 4228 Varronis
513 4176 575 4228 Vita
601 4192 627 4245 p.
640 4176 720 4245 239.)
740 4173 863 4246 scripsit,
891 4175 1004 4230 sedecim
1025 4177 1118 4250 fuisse
1137 4177 1220 4247 (apud
1237 4177 1371 4232 Romanos

231 4246 334 4314 literas)
354 4249 404 4300 etc.
439 4245 480 4298 (tt.
500 4249 580 4314 prs.
875 4266 878 4277 ¹
