2864 4814
275 257 328 330 78
676 280 798 325 uranu
836 277 1005 324 serras.

271 443 447 517 Feralia
471 439 515 511 alt
537 429 659 513 inferis
681 451 716 511 et
738 439 901 534 serendo,
930 435 1027 538 quod
1050 431 1169 510 ferunt
1189 447 1266 508 'tum
1290 437 1403 535 epulas

271 546 316 618 ad
345 543 564 644 sepulcrum,
595 541 723 640 quibus
755 544 812 660 ips
843 542 892 615 ibi
923 549 1118 640 parentare.
1179 540 1401 611 Termina-

268 649 353 739 lia,
389 645 485 744 quod
511 647 541 716 is
567 644 641 718 dies
666 645 749 714 anni
772 655 946 730 extremus
975 642 1204 736 constitutus3
1243 641 1402 714 duodeci·

269 775 347 822 mus
372 750 465 820 enim
487 749 616 820 mensis
640 745 707 817 fuit
723 745 957 839 Februarius,
986 755 1020 817 et
1044 769 1149 841 quom
1170 744 1401 834 intercalatur,

208 851 451 949 gs—sinlcriores
490 852 645 946 quinque
685 848 759 920 dies
804 848 1010 921 duodecimo
1051 846 1236 918 demuntur
1273 871 1399 918 mense.

269 953 458 1050 Equiria
490 949 533 1021 ab
564 975 733 1048 equorum
764 975 892 1046 cursu,
935 975 977 1022 eo
1002 947 1058 1022 die
1085 949 1176 1020 enim
1203 945 1295 1020 ludis
1329 973 1401 1019 cur-

267 1066 350 1126 runt
381 1056 418 1125 in
446 1051 576 1125 Martio
608 1077 743 1149 campo.
916 1047 982 1122 ld.
1024 1047 1262 1122 Liberalia
1297 1048 1400 1141 dicta,

268 1155 363 1254 quod
395 1179 460 1252 per
491 1165 601 1226 totum
635 1151 801 1252 oppidum
826 1179 868 1226 eo
893 1151 949 1225 die
977 1151 1100 1224 sedent
1124 1151 1322 1224 sacerdotes
1345 1152 1401 1222 Li-

267 1257 365 1350 beri,
401 1281 489 1327 anus
521 1256 625 1328 edera
659 1265 861 1350 coronatae,
902 1281 982 1326 cnm
1013 1251 1094 1326 libis
1127 1263 1163 1326 et
1191 1253 1310 1325 foculo
1343 1281 1401 1350 pro

267 1369 421 1457 emptore
459 1357 707 1430 sacrificantes.
797 1359 842 1428 Iu
879 1355 978 1429 libris
1014 1355 1214 1448 Saliorum,
1258 1381 1422 1453 quorum]

269 1485 463 1560 cognomen
492 1456 759 1558 Agonensium,
795 1459 942 1532 forsitan
968 1457 1027 1530 hic
1054 1458 1126 1530 dies
1150 1456 1229 1530 ideo
1255 1458 1402 1555 appella-

267 1573 327 1634 tur
356 1564 473 1660 potius
507 1557 694 1660 Agonia.
759 1561 1096 1659 Quinquatrns3
1134 1558 1193 1630 hic
1219 1558 1291 1632 dies
1318 1587 1402 1631 unns

192 1683 256 1752 (tr)
271 1663 315 1734 ab
337 1665 487 1736 nominis
509 1687 625 1737 errore
648 1665 871 1755 observatur,
905 1661 1050 1759 proinde
1077 1672 1118 1732 ut
1142 1665 1213 1732 sint
1236 1663 1399 1760 quinque.

212 1767 417 1862 uggllictus,
452 1776 492 1836 ut
523 1763 567 1834 ab
598 1767 812 1839 Tusculanis
844 1776 925 1863 post
956 1763 1047 1836 diem
1078 1773 1212 1836 sextum
1246 1762 1334 1835 Idus
1361 1765 1402 1834 si·

270 1868 397 1941 militer
429 1879 575 1940 uocatur
607 1868 851 1958 Sexatrus,
891 1877 926 1938 et
958 1875 1039 1962 post
1074 1863 1164 1937 diem
1200 1867 1423 1962 septimum,

268 1968 592 2067 Septimatrus,
628 1973 679 2043 sic
703 1971 779 2065 hic,
808 1967 901 2066 quod
928 1979 1001 2041 erat
1025 1978 1105 2065 post
1130 1967 1221 2040 diem
1247 1969 1401 2065 quintum

267 2071 375 2164 Idus,
401 2070 734 2169 Quinquatrus.
786 2073 873 2144 Dies
898 2068 1262 2143 Tubulustrium
1286 2069 1401 2168 ‘appel-

268 2305 379 2357 servavi.
415 2303 573 2370 Intelllgitur
590 2319 624 2355 ex
642 2300 666 2354 b.
685 2303 718 2368 l.‚
743 2303 801 2356 coll.
820 2301 913 2356 Ouidio
931 2305 1003 2356 Fast.
1021 2303 1061 2370 ΙΙ,
1078 2307 1132 2359 527
1146 2323 1217 2374 sqq,
1236 2307 1401 2360 Fumacalio·

267 2391 324 2428 rum
342 2382 484 2430 extremam
502 2378 570 2429 diem
588 2376 708 2428 incidisse
726 2375 752 2426 in
771 2375 932 2440 Quirinalia,
949 2392 1031 2443 eaque
1049 2377 1165 2428 stultam
1180 2389 1286 2446 partem
1301 2378 1405 2448 populi
1423 2402 1424 2422 i

268 2465 337 2518 qaae
360 2447 398 2499 sit
420 2467 472 2499 sua
498 2452 593 2512 curia,
627 2448 742 2498 nesciam
770 2463 843 2499 sacra
868 2449 1015 2500 aCurioue
1041 2451 1155 2502 maximo
1180 2451 1276 2502 indicta
1304 2451 1400 2503 secisse.
1423 2449 1424 2460 ³

265 2519 388 2585 Feralia]
403 2537 445 2586 vg.
476 2519 595 2590 ferialia
614 2519 689 2570 codd.
725 2519 844 2570 Incidunt
859 2535 882 2570 a.
894 2519 920 2570 d.
931 2520 979 2572 IX.
997 2519 1057 2572 Kal.
1074 2520 1152 2574 Mart.
1180 2521 1320 2573 Feralium
1337 2522 1400 2572 dem

265 2590 307 2638 ait
326 2592 411 2642 Varro
427 2609 444 2640 a
453 2591 578 2660 ferendis
595 2589 624 2638 in
641 2587 766 2656 sepulcra
780 2588 867 2656 epulis
881 2589 940 2640 dici.
967 2590 1220 2658 maurataneae.
1302 2591 1350 2658 ibi]
1361 2609 1399 2658 vg.

265 2659 317 2710 sibi
335 2661 409 2712 codd.
506 2658 680 2723 Terminalia]
694 2676 717 2710 a.
729 2660 753 2711 d.
766 2661 824 2712 vll.
843 2660 901 2712 Kal.
916 2661 995 2713 Mart.
1009 2663 1042 2715 K.
1055 2663 1128 2716 Matr.
1144 2664 1281 2726 consentit
1295 2665 1398 2717 Ovidius

246 2731 335 2798 ⁴Fast.
353 2731 393 2796 11,
412 2735 473 2782 639.
492 2733 594 2797 aliique.
638 2731 704 2782 Post
729 2730 773 2781 bas
796 2731 874 2782 serias
891 2733 952 2784 olim
972 2734 1154 2788 Mercedouius
1170 2731 1283 2802 minsis,
1311 2737 1399 2788 deiude

264 2802 306 2852 bis
324 2808 414 2854 sextus
431 2803 638 2854 intercalabatur.
665 2803 696 2854 V.
711 2801 803 2853 Ideler.
816 2799 1006 2870 chronologiae
1025 2809 1159 2874 compend.
1178 2826 1203 2875 p.
1210 2811 1273 2860 282.
1282 2812 1336 2859 285
1347 2824 1399 2873 sqq.

268 2873 353 2926 Varro
371 2879 457 2925 autem
476 2880 565 2941 aperte
585 2874 698 2939 loquitur
716 2872 749 2925 de
768 2879 884 2941 tempore
908 2882 968 2928 aute
992 2877 1185 2932 emendaturus
1203 2879 1270 2931 Iulio
1289 2880 1398 2931 Caesare

265 2943 392 2998 fastorum
410 2946 551 3011 rationem,
577 2960 628 3012 quo
644 2945 699 2996 dies
719 2944 862 2998 Februario
886 2945 983 3014 dempti
1008 2950 1155 3002 intercalari
1173 2951 1255 3002 mensi
1274 2951 1397 3003 attribue-

264 3016 367 3071 bantur.
405 3017 446 3069 Cl.
465 3018 499 3069 de
517 3016 542 3070 h.
561 3018 578 3070 l.
593 3016 734 3070 Praelatio.
849 3017 977 3085 Equitio]
995 3035 1038 3086 vg.
1074 3021 1181 3074 ecurria
1198 3022 1273 3074 aaa.
1311 3022 1398 3073 esurio

264 3087 319 3152 Hb.
356 3090 508 3155 Agebantur
527 3089 552 3141 bi
569 3089 623 3141 ludi
640 3105 663 3140 a.
683 3089 707 3140 d.
726 3087 774 3141 Ill.
792 3087 852 3140 Kal.
871 3087 951 3140 Mart.
969 3091 1005 3143 K·
1021 3091 1095 3144 Mali.
1212 3110 1242 3144 eo
1261 3092 1304 3142 die
1323 3093 1398 3156 enim]

264 3177 296 3208 eo
314 3158 383 3208 enim
402 3159 443 3208 die
462 3161 524 3212 GH.
561 3161 631 3212 enim
650 3176 700 3212 om.
719 3159 744 3210 b.
879 3159 953 3211 ludis
970 3163 1096 3230 currunt]
1106 3163 1202 3216 GHab.
1239 3174 1355 3216 currrrnt
1372 3165 1398 3217 F.

263 3231 361 3282 sertus
385 3245 461 3282 casus
483 3247 499 3284 a
525 3231 643 3284 Varrone
667 3231 787 3284 similiter
809 3228 946 3284 adhibetur
970 3233 1036 3300 Vll,
1061 3238 1104 3286 34.
1130 3235 1243 3304 nuptiis.
1274 3237 1342 3302 Vll,
1359 3240 1397 3290 39.

261 3300 365 3371 Pyrrlsi
380 3299 456 3354 bello.
1138 3333 1141 3340 ·

349 3417 352 3424 '
376 3411 427 3478 14.
453 3419 601 3492 arcuata]
618 3425 762 3478 ..axvi
776 3426 835 3479 aar.
848 3428 958 3496 spara.
973 3429 1007 3482 u.
1020 3429 1184 3485 uanum.
1298 3428 1397 3493 aeaut]

268 3500 344 3554 codd.
382 3518 410 3552 se
429 3498 492 3548 dent
511 3497 658 3560 Victorius,
676 3512 752 3563 quem
770 3500 886 3564 sequitur
903 3501 1067 3568 Spengelius.
1093 3524 1095 3534 ¹
1180 3499 1272 3566 edera]
1281 3501 1319 3556 H.
1338 3508 1364 3554 et
1377 3517 1397 3552 a.

265 3571 308 3625 bia
326 3572 502 3640 suprascripto
520 3569 597 3636 aspir.
611 3569 695 3632 signo.
731 3567 829 3619 aedera
843 3571 877 3622 G.
905 3572 1003 3623 hedera
1016 3579 1077 3627 cett.
1206 3591 1258 3640 pro
1272 3570 1396 3642 emptore]

264 3643 335 3696 Nihil
354 3643 504 3696 mutandum
522 3646 571 3692 est.
614 3639 737 3706 Quisquis
762 3640 830 3692 euim
855 3642 934 3694 libum
959 3652 1070 3710 emerat,
1096 3642 1152 3696 eius
1169 3659 1216 3712 pro
1241 3646 1326 3697 salute
1344 3644 1398 3697 ida

263 3716 413 3768 sacrificulis
431 3713 502 3782 bisce
520 3713 610 3764 statim
627 3711 729 3776 loculo,
755 3711 798 3777 qui
817 3711 941 3765 subitaria
958 3716 1147 3781 quodammodo
1165 3732 1209 3768 ara
1227 3721 1299 3780 erat,
1317 3717 1397 3784 impo-

264 3787 343 3838 situm
362 3785 523 3839 adolebatur.
673 3782 794 3852 Agonia]
813 3783 872 3836 Hoc
890 3787 992 3838 nomine
1009 3786 1050 3840 bic
1068 3788 1136 3840 idem
1156 3788 1227 3852 dies,
1250 3787 1324 3840 xvl.
1342 3787 1396 3840 Kal.

264 3853 383 3926 laptiles,¹
409 3855 599 3923 appellatorio
617 3853 773 3906 Kalendurio
793 3856 925 3910 Vaticano.
1040 3859 1241 3930 Quinquatrus]
1254 3876 1278 3914 a.
1291 3859 1317 3911 d.
1330 3857 1396 3911 xlv.

261 3928 321 3980 Kal.
341 3931 405 3996 Apr.
424 3927 458 3977 K.
473 3925 547 3978 Mais.
566 3926 659 3977 Prueu.
678 3927 754 3978 Fam.
774 3927 835 3980 Vat.
870 3928 900 3980 lu
918 3944 951 3980 eo
969 3945 1069 3996 errore,
1089 3946 1166 3997 quem
1184 3931 1269 3982 Varro
1287 3932 1396 3996 castiga-

262 4000 315 4064 vit,
339 3995 539 4068 deprehenditur
563 3998 641 4049 etiam
667 3998 776 4050 Ovidius
799 3999 870 4052 Fast.
890 3999 945 4066 III,
970 4006 1032 4058 ato.
1188 4001 1300 4068 Dictus]
1321 4004 1396 4053 iuter·

263 4072 401 4137 punctione
419 4074 516 4122 mutata
533 4083 592 4120 cam
610 4082 681 4135 seqq.
697 4070 826 4122 coniunxi.
856 4072 916 4123 Dixi
934 4071 968 4124 de
986 4072 1009 4125 b.
1022 4073 1039 4125 l.
1053 4073 1152 4126 Rerum
1170 4073 1341 4126 Etmscarum
1354 4069 1398 4134 lll,

263 4145 297 4204 a,
315 4145 340 4192 2.
360 4160 385 4209 p.
396 4145 439 4193 49.
591 4137 636 4206 ab]
656 4157 674 4190 a
694 4141 761 4193 Gab.
788 4142 821 4194 cl.
840 4159 898 4195 aun.
917 4144 950 4194 ad
969 4145 1002 4209 V,
1019 4148 1063 4214 ao.
1213 4145 1264 4211 sic]
1282 4162 1327 4212 vg.
1363 4143 1397 4193 sit

263 4211 340 4264 codd.
458 4206 746 4278 Tubulustn'umJFG.
782 4211 969 4265 tubulustrum
986 4215 1027 4266 ab.
1065 4211 1253 4266 tubilustrium
1275 4217 1309 4268 H.
1347 4211 1396 4267 Sed

265 4283 327 4336 illud
347 4281 359 4333 l
378 4279 447 4347 quod
465 4281 558 4332 Latina
576 4279 664 4346 lingua
681 4285 706 4333 ln
727 4286 909 4352 componendis
928 4293 956 4338 et
971 4285 1116 4339 derivandis
1135 4288 1267 4340 vocabulis
1286 4287 1395 4347 adhibet,

265 4356 290 4406 vi
309 4352 438 4422 sequentis
456 4351 479 4402 1.
499 4365 577 4418 saepe
595 4358 708 4405 mutatur
725 4355 750 4406 in
768 4357 809 4420 U,
834 4359 902 4412 sicut
928 4358 953 4409 iu
979 4356 1111 4428 leguleius
1134 4366 1161 4411 et
1179 4357 1354 4412 turbulentus
1372 4361 1395 4407 et
