2890 4820
260 283 313 338 ΧΠ
477 245 483 258 ⁸
686 275 965 336 annonario

260 449 366 520 statim
385 469 502 537 ponam
520 467 642 516 summa
661 445 886 514 sententiarum
907 443 1027 535 capita,
1047 468 1130 536 quae
1150 458 1259 535 postea
1280 450 1392 518 desen-

260 535 334 606 dam
355 546 388 602 et
409 532 571 622 explicem.
615 533 697 600 Sunt
718 554 757 598 ea
779 532 878 599 bace:

372 665 493 730 Omnes
526 661 702 750 scripturae
729 663 843 730 horum
875 660 1025 730 librorum
1062 662 1164 731 fontes
1192 676 1321 734 manant
1353 687 1393 732 ex

259 773 323 820 uno
350 749 465 816 codice
490 748 712 836 manuscripto.

371 882 437 947 Hic
457 880 536 946 liber
557 901 675 966 magna
696 876 839 944 loliorum
861 888 952 965 parte
970 879 1066 961 lacer,
1092 880 1174 945 loliis
1192 880 1391 966 transpositis

258 967 426 1048 confusus,
460 967 644 1044 lacunosus,
681 963 929 1052 corruptelisque
961 967 1061 1032 omnis
1091 965 1218 1053 generis
1252 965 1391 1047 refertus
1443 975 1444 1048 ζ

258 1065 344 1133 erat,
372 1050 430 1118 sed
451 1051 487 1117 iis
511 1061 651 1128 tantum,
679 1071 763 1136 quae
788 1050 865 1116 casu
891 1059 923 1118 et
948 1049 1089 1135 inscitia,
1116 1072 1184 1116 non
1206 1049 1334 1116 oonsilio
1357 1063 1391 1118 ct
1443 1103 1444 1106 ,

258 1134 448 1206 emendandi
473 1135 578 1204 studio
606 1135 801 1223 proveniunt.
879 1151 881 1160 ’
1443 1139 1444 1184 f

368 1269 459 1338 Idem
486 1269 566 1335 liber
595 1286 657 1330 non
685 1266 753 1332 sine
771 1262 867 1356 ¹siglis
895 1263 959 1330 sive
987 1263 1163 1352 scripturae
1191 1262 1389 1352 compendiis

256 1357 390 1444 scriptus
420 1365 489 1430 erat
515 1354 677 1421 literatura
702 1350 779 1417 satis
802 1349 946 1436 antiqua,
974 1373 1013 1416 ea
1035 1352 1136 1416 forma
1158 1373 1252 1440 quarn
1274 1363 1390 1439 postea

256 1441 481 1510 describemus.

368 1565 531 1656 Quidquid
559 1587 622 1634 non
643 1521 853 1630 describendo
877 1587 917 1632 ex
941 1563 1005 1631 hoc
1027 1564 1139 1633 codiee
1166 1565 1207 1633 ad
1234 1589 1291 1634 nos
1314 1591 1388 1656 per-

255 1656 357 1733 venit,
389 1653 503 1719 nullam
532 1651 630 1717 habet
657 1649 754 1715 fidem
785 1650 993 1737 antiquitatis,
1027 1650 1102 1732 sed,
1138 1653 1164 1718 si
1192 1655 1299 1740 specie
1328 1677 1388 1720 sua

254 1741 358 1827 magis
380 1736 642 1817 commendatur,
662 1736 703 1800 ab
722 1735 899 1802 hominibus
920 1737 1119 1822 antiquarum
1141 1737 1300 1804 literarum
1323 1761 1387 1804 non

253 1825 472 1913 imperitis‚ea
502 1832 624 1901 aetate,
656 1841 719 1907 qua
747 1819 781 1884 id
808 1842 912 1906 genus
942 1820 1047 1888 studia
1073 1822 1104 1887 in
1129 1822 1219 1890 Italia
1247 1823 1387 1892 redinte-

254 1913 448 2000 grabautur,
477 1909 635 1976 inventum
658 1917 692 1972 et
712 1904 829 1970 illatum
853 1919 911 1974 est.
1443 1921 1444 1936 ¹

366 2035 514 2126 Denique
539 2039 726 2128 plerumque
753 2035 826 2102 nihil
854 2037 990 2118 facilius,
1020 2061 1114 2190 (pram
1136 2040 1322 2129 scripturam
1345 2065 1388 2110 ex

253 2123 439 2278 iidliiddirii
461 2123 642 2192 derivatam·
656 2124 853 2210 distinguere
876 2125 916 2188 ab
939 2125 988 2191 bis
1011 2149 1032 2214 p
1055 2125 1202 2210 ilologiaa
1225 2128 1386 2212 nascentis

1443 2285 1444 2318 l

364 2339 403 2406 In
424 2361 559 2410 recensu
581 2339 726 2408 codicum
744 2339 1045 2428 manuscriptorum,
1072 2339 1125 2428 qui
1143 2363 1227 2407 nuuc
1247 2343 1386 2445 primum
1443 2323 1444 2384 l

236 2424 462 2492 instituendus
495 2438 563 2508 est,
602 2427 748 2528 incipiam
778 2449 798 2492 a
827 2425 912 2492 libris
945 2427 1048 2492 bonae
1080 2437 1194 2528 notae,
1235 2450 1289 2514 qur
1318 2429 1385 2496 iam
1443 2489 1444 2496 ,

251 2512 375 2578 excussi
400 2522 433 2577 et
456 2533 590 2598 quorum
612 2522 768 2598 scriptura
792 2523 919 2578 enotata
945 2522 1003 2578 est.
1055 2512 1137 2579 Sunt
1160 2513 1209 2577 br:

263 2635 265 2645 '
314 2629 344 2693 1.
372 2627 644 2694 Florentinus
673 2627 750 2713 (F.)
781 2629 846 2694 sive
880 2626 1112 2693 Laurentianus
1145 2627 1266 2710 codex,
1307 2629 1384 2698 olim
1443 2647 1444 2718 f

248 2713 281 2778 in
305 2712 467 2778 Marciana
490 2713 679 2780 bibliotheca
700 2724 889 2780 asservatus.
932 2714 1194 2780 Membranaceus
1217 2726 1280 2794 est,
1310 2741 1384 2782 sae·
1443 2719 1444 2724 ’

249 2795 386 2884 culoque
420 2798 469 2862 XI
506 2799 639 2896 scriptus
678 2821 749 2866 esse
785 2796 908 2862 dicitur.
972 2799 1154 2865 Variantem
1191 2800 1384 2886 scripturam

250 2885 389 2950 enotavit
410 2881 527 2948 Petrus
551 2883 724 2965 lictorius,
755 2883 844 2949 cuius
873 2881 971 2969 copiis
998 2885 1187 2972 Spengelius
1214 2907 1291 2950 usus
1320 2899 1380 2968 est,

250 2969 304 3056 qui
325 2966 368 3033 de
390 2990 430 3032 eo
451 2967 530 3034 libro
554 2968 680 3036 disserit
704 2969 798 3056 pvl.
847 2967 953 3034 Etiam
975 2969 1167 3036 Niebubrius
1191 2970 1382 3056 scripturam

248 3053 344 3120 huius
365 3054 434 3118 libri
456 3065 615 3121 enotatam
641 3055 766 3134 habuit,
794 3053 946 3120 nonnullis
962 3054 1042 3120 locis
1055 3055 1154 3143 aliter
1175 3068 1271 3142 atque
1292 3057 1389 3146 apud

249 3139 424 3207 Victoriam
451 3151 509 3206 est.
555 3142 592 3207 V.
623 3141 660 3220 V,
681 3141 734 3206 41.
753 3139 806 3206 46.·

313 3251 343 3315 2.
374 3249 592 3316 Gothanns
623 3251 722 3336 (Ga),
761 3253 1042 3334 membranaceus,
1079 3251 1181 3317 forma
1208 3243 1380 3339 quadrata.

250 3335 416 3423 Scriptura
439 3334 586 3421 elegans,
612 3349 644 3401 et
664 3335 772 3424 specie
789 3340 934 3426 antiqua,
948 3337 1013 3404 sed
1031 3335 1114 3427 haud
1135 3337 1231 3402 dubie
1248 3341 1379 3406 saeculo

249 3419 377 3486 demum
406 3420 621 3489 sextodecimo
653 3420 824 3496 imitatione
853 3429 1019 3518 expressa,
1046 3420 1144 3511 ‘quod
1170 3423 1228 3488 ur.
1250 3423 1379 3491 Blumio

217 3518 381 3572 *anctore
410 3507 544 3574 allirmo.
596 3503 710 3572 Elidem
738 3507 882 3574 volumini
913 3510 993 3575 inest
1023 3509 1175 3574 Asconius
1204 3507 1379 3578 Pedianus.

247 3591 285 3656 In
314 3593 420 3678 priore
449 3593 548 3678 quinti
580 3590 649 3656 libri
686 3583 949 3678 parte'p'ccuirda
979 3618 1089 3660 manus
1116 3594 1378 3701 interpolatorum

1368 3185 1372 3192 ,
1393 3148 1397 3186 l

1390 3205 1394 3228 r

139 3705 143 3715 ·
247 3674 396 3741 librorum
417 3677 568 3744 lectiones
589 3675 706 3757 intulit,
728 3676 759 3740 in
783 3678 925 3763 margine
946 3681 1039 3744 etiam
1058 3681 1249 3744 recentiores
1269 3703 1378 3745 emen-

248 3759 393 3826 dationes
414 3775 545 3850 nota‘tae
560 3766 650 3841 aurit,
669 3747 754 3828 'velut
776 3761 1038 3826 rudenticn'bilus
1055 3764 1164 3830 Criniti
1177 3766 1377 3832 coniectura.

247 3845 706 3932 Librumbnnb'bililiotbecae
723 3847 893 3913 Gothanae
907 3848 1141 3933 praefectorum
1159 3849 1378 3918 benevolentia

248 3931 279 3996 in
341 3933 505 4012 “usgruaos
539 3935 725 4002 concessum
761 3953 832 3998 cum
865 3933 1077 4020 Spengeliano
1111 3934 1255 3999 Varrone
1286 3957 1376 4002 com-

248 4037 325 4104 para
360 4021 368 4085 f
391 4013 515 4085 'iurenis
546 4017 816 4104 diligentissimus,
848 4018 1069 4104 Regelius,
1103 4019 1186 4083 Sem.
1210 4019 1282 4106 plril.
1305 4022 1376 4088 sod.

190 4173 200 4189 s,
249 4102 341 4174 Quae
366 4125 406 4166 ex
435 4102 497 4167 hoc
521 4103 632 4168 codice
652 4105 802 4171 Varronis
832 4105 965 4170 orationi
992 4105 1033 4171 ad
1061 4103 1278 4170 stabiliendam
1307 4109 1376 4173 eius

250 4186 383 4252 formam
414 4189 556 4255 subiecta
584 4210 647 4254 noo
676 4200 765 4268 sunt,
795 4190 825 4255 in
851 4199 991 4255 extremo
1017 4189 1079 4253 hoc
1106 4189 1185 4256 libro
1214 4189 1375 4272 collocavi,

249 4271 344 4338 etiam
371 4271 526 4348 levissima
553 4297 715 4361 quaeque,
745 4286 780 4341 ut
807 4274 899 4340 unius
930 4273 1038 4340 saltem
1068 4274 1187 4342 codicis
1214 4276 1376 4361 integram

7 4345 13 4360 '
88 4343 97 4352 ’
144 4383 148 4393 1
249 4356 384 4426 sormam
404 4368 438 4426 ct
456 4358 644 4448 scripturam
663 4361 765 4428 lector
786 4360 845 4427 sibi
865 4370 1105 4447 repraesentare
1128 4370 1245 4450 posset.
