2864 4814
265 219 321 294 80
668 245 789 292 arasa
823 241 994 292 sexsus.

267 403 334 479 17.
373 457 414 478 ..
442 458 489 478 ..
531 407 619 480 Dies
655 406 870 482 Vestalia
907 417 946 479 ut
979 406 1132 504 virgines
1162 403 1324 480 Vestales
1360 405 1400 478 ab

266 509 387 583 Vesta.
449 507 776 606 Quinquatrus
808 507 1103 589 Minusculae
1134 506 1245 580 dictae
1278 509 1400 580 Iuniae

208 609 353 689 eooldus
377 608 422 682 ab
446 610 670 683 similitudine
699 611 896 704 Malorum,
936 609 1031 708 quod
1064 607 1225 682 tibicines
1249 621 1326 682 tum
1353 611 1399 682 l'e·

53 748 57 756 ·
84 717 88 723 ’
204 701 346 784 *riati
369 725 541 811 vagantur
569 738 633 810 per
662 712 785 785 urbem
818 725 855 786 et
877 713 1086 798 conveniunt
1114 711 1158 782 ad
1182 709 1305 784 aedem
1332 712 1401 785 Mi-

263 840 403 886 nervae.
457 816 567 886 Ilies
593 814 751 887 Fortis
774 813 1005 889 For'tunae
1031 813 1228 910 appellatus
1247 811 1291 885 ab
1319 813 1400 886 Ser·

263 917 321 987 vio
354 915 474 988 Tullio
505 918 624 1015 Rege,
664 917 758 1014 quod
787 919 817 989 is
850 916 971 986 sanum
999 915 1117 987 Fortis
1143 915 1323 988 Fortunae
1349 941 1399 987 se-

265 1015 419 1089 cundum
445 1018 603 1090 Tiberim
629 1028 728 1090 extra
762 1017 884 1091 urbem
909 1018 1060 1089 Romam
1093 1015 1266 1088 dedicavit
1298 1015 1399 1089 Iunio

263 1143 395 1191 mense.
566 1115 630 1191 18.
669 1119 784 1193 Dies
817 1119 1094 1217 Poplifugia
1126 1117 1263 1190 videtur
1289 1121 1398 1192 nomi·

265 1230 391 1313 natus,
427 1219 523 1318 quod
548 1247 590 1294 eo
621 1221 676 1293 die
708 1221 859 1294 tumultu
890 1231 1032 1319 repente
1064 1218 1194 1392 supperit
1223 1220 1397 1318 populus;

264 1345 338 1394 non
363 1321 473 1394 multo
498 1324 589 1394 enim
620 1334 702 1421 post
730 1323 789 1395 bie
820 1322 915 1415 dies,
954 1348 1059 1420 quam
1116 1345 1254 1394 ecessus
1280 1320 1397 1394 Gallo·

263 1449 343 1494 rum
369 1449 414 1496 ex
436 1422 542 1516 urbe,
570 1435 605 1496 et
629 1427 690 1521 qui
713 1435 787 1496 tum
806 1424 873 1497 sub
898 1422 985 1496 urbe
1006 1422 1126 1522 populi
1144 1433 1183 1495 ut
1202 1423 1397 1497 Ficuleates

257 1548 307 1595 ac
341 1524 527 1598 Fidenates
560 1537 597 1597 et
628 1526 766 1598 finitimi
798 1525 878 1618 alii,
919 1537 1050 1600 contra¹
1069 1550 1140 1596 nos·
1159 1527 1395 1598 coniurarunt.

264 1620 416 1723 Aliquot
448 1625 552 1699 buius
587 1627 655 1699 diei
687 1630 834 1727 vestigia
867 1627 971 1727 fugae
1002 1629 1039 1698 in
1072 1628 1182 1698 saeris
1217 1639 1395 1724 apparent,

263 1723 308 1796 de
352 1725 481 1823 quibus
521 1726 625 1800 rebus
668 1724 928 1827 Antiquitatum
967 1728 1047 1800 libri
1087 1727 1188 1827 plura
1229 1727 1394 1800 referunt.

263 1825 420 1899 Nonae
457 1826 743 1926 Caprotinae
781 1830 876 1927 quod
908 1857 948 1904 eo
982 1830 1038 1904 die
1068 1832 1106 1901 in
1136 1831 1240 1902 Latio
1272 1830 1398 1904 Iunoni

200 1950 260 2020 (ss)
268 1926 476 2027 Caprotinae
512 1931 675 2003 mulieres
703 1932 962 2024 sacrificantur,
995 1943 1030 2004 et
1055 1931 1122 2006 sub
1156 1930 1320 2030 caprifico
1347 1933 1396 2004 fa·

202 2058 255 2128 qq
268 2033 386 2126 ciunt3
432 2059 452 2104 e
486 2033 649 2130 caprifico
686 2032 852 2108 adhibent
886 2036 1034 2134 virgam.
1104 2032 1180 2107 Gur
1216 2033 1285 2107 boc
1316 2045 1395 2134 toga

264 2144 440 2230 praetexta
466 2134 544 2206 data
570 2137 620 2206 eis
647 2188 656 2206 .
682 2186 727 2207 ..
1420 2143 1425 2172 *

263 2255 330 2332 19.
359 2314 471 2335 .....
491 2260 755 2362 Apollinaribus
775 2265 867 2338 ludis
890 2265 1008 2339 docuit
1028 2265 1209 2364 populum.
1239 2265 1277 2338 N
1282 2276 1393 2363 eptu·
1424 2251 1425 2298 l

263 2362 382 2435 nalia
408 2389 428 2435 a
451 2365 637 2463 Neptun03
665 2369 739 2440 eius
761 2370 852 2439 enim
881 2366 937 2441 dei
962 2369 1081 2440 feriae.
1134 2367 1394 2441 Furrinalia

263 2458 454 2561 Furnium,
494 2468 589 2566 quosl
614 2471 646 2541 ei
668 2469 751 2550 deae
776 2470 882 2543 feriae
907 2469 1068 2570 publicae
1094 2469 1167 2543 dies
1192 2471 1243 2563 is,
1272 2471 1393 2569 quoius

379 2676 430 2742 17.
454 2687 500 2758 ab]
519 2691 611 2759 scripsi
629 2691 755 2744 suadente
773 2693 924 2761 Spengelio.
970 2701 1022 2742 aar
1040 2690 1115 2744 codd.
1264 2690 1335 2754 rum]
1351 2706 1392 2754 vg.

264 2778 325 2810 eum
344 2761 447 2814 FGHb.
484 2781 561 2831 quom
580 2780 605 2814 a.
737 2763 804 2815 Dies
820 2765 912 2815 Fortis
935 2763 1023 2830 Foru]
1041 2779 1066 2815 a.
1083 2763 1108 2815 d.
1126 2761 1198 2816 VIII.
1211 2761 1272 2816 Kal.
1291 2763 1393 2818 Quinti-

262 2832 310 2885 les.
328 2831 363 2884 K.
386 2833 510 2886 Amitera.
528 2834 624 2888 Venus.

378 2909 429 2973 18.
460 2920 635 2992 Poplifugia]
664 2937 688 2975 a.
709 2921 735 2974 a.
759 2920 807 2975 ur.
838 2920 907 2975 uon.
938 2923 1076 2979 carneres.
1106 2921 1141 2976 u.
1158 2921 1233 2974 uun
1259 2903 1390 2974 'Amisene

262 2994 360 3048 Contra
389 2994 471 3048 Nouis
502 2995 565 3062 ipsis
594 2993 726 3060 assignare
755 2993 857 3045 videtur
883 3010 928 3046 eas
952 2995 1030 3047 serias
1056 2993 1173 3047 Macrob.
1200 2993 1258 3047 Sat.
1281 2992 1336 3058 111,
1364 2995 1389 3043 2.
1423 2991 1424 3002 ¹

262 3067 319 3118 Sed
337 3067 446 3119 Varroni
464 3064 529 3117 hauc
548 3067 718 3130 seutentiam,
741 3065 910 3132 poplifugiam
927 3065 1059 3118 Nonarum
1076 3065 1119 3116 die
1136 3070 1220 3116 actam
1238 3079 1311 3128 esse,
1329 3062 1390 3116 Nie-

185 3183 187 3188 .
261 3135 369 3188 buhrius
386 3138 463 3190 Rom.
478 3137 547 3190 Hist.
557 3136 591 3190 ll.
606 3155 632 3204 p.
641 3140 702 3188 640.
720 3136 760 3187 ed.
777 3152 830 3188 sec.
849 3152 900 3189 nou
918 3139 980 3190 satis
995 3143 1066 3190 recte
1084 3136 1194 3188 subiicit
1309 3133 1389 3184 sacn-

255 3207 394 3276 ficantur]
411 3208 489 3260 GHb.
525 3207 683 3274 sacrificant
700 3213 762 3260 cett.
797 3208 864 3259 Illud
882 3210 1014 3276 antiquea
1028 3210 1146 3260 Varrone
1160 3207 1237 3258 etiam
1254 3205 1312 3256 aliis
1330 3205 1389 3258 locis

262 3278 359 3332 dictum
378 3293 450 3344 esse,
474 3277 536 3330 satis
553 3285 662 3332 constat.
777 3278 844 3328 data
861 3279 900 3329 eis
918 3313 927 3331 .
943 3315 951 3334 .
965 3281 991 3345 .]
1016 3280 1165 3342 Lacunam,
1188 3278 1262 3329 euius
1280 3277 1349 3328 nulla
1364 3279 1387 3326 in

262 3349 339 3402 codd.
365 3348 520 3416 significatio
545 3355 630 3414 extat,
657 3350 755 3402 notavit
780 3351 927 3418 Scioppius.
977 3351 1018 3403 Eo
1045 3353 1103 3402 loco
1128 3350 1241 3400 fabulam
1264 3349 1335 3399 illam
1358 3347 1387 3396 de

261 3420 392 3474 Philotide
409 3423 450 3474 vel
466 3421 577 3484 Fuluia,
595 3436 671 3485 quam
689 3437 723 3473 ex
739 3421 879 3474 Plutarcho
898 3428 925 3474 et
942 3422 1077 3474 Macrobio
1095 3421 1226 3484 babemus,
1244 3423 1387 3472 narraverat

261 3493 355 3558 Varro,
373 3509 447 3559 quem
467 3490 532 3543 banc
549 3492 631 3558 ipsam
648 3491 761 3544 fabulam
776 3494 880 3546 silentio
895 3493 1038 3559 damnasse,
1056 3491 1198 3546 Niebulrrio
1210 3492 1242 3546 T.
1250 3489 1284 3542 ΙΙ.
1297 3509 1324 3559 p.
1333 3493 1388 3543 641.

260 3576 313 3616 nou
331 3565 406 3616 facile
424 3564 603 3618 concesserim.

376 3659 426 3724 19.
460 3669 635 3741 Apollinares
652 3667 729 3720 ludos
747 3684 781 3722 ex
800 3667 925 3724 hocloco
944 3675 1066 3737 apparet,
1092 3675 1146 3722 tum
1166 3685 1215 3722 non
1240 3673 1315 3722 actos
1334 3682 1385 3720 esse

262 3759 287 3796 a.
307 3743 332 3796 d.
348 3744 396 3798 ΠΙ.
419 3745 508 3798 Nonas
531 3743 659 3798 Quintiles
677 3740 756 3808 (Liv.
774 3741 891 3806 xxvss,
910 3742 984 3807 23.)‚
1009 3741 1055 3794 sed
1070 3748 1100 3793 ut
1117 3742 1232 3806 videtur,
1256 3757 1280 3792 a.
1301 3741 1327 3792 d.
1344 3739 1384 3792 IV.

262 3815 326 3869 Idus
345 3818 481 3877 Quintiles,
499 3830 550 3882 quo
568 3814 610 3867 die
628 3814 760 3865 Ciceronis
778 3819 895 3881 tempore
914 3813 1039 3864 celebrari
1058 3815 1148 3867 solitos
1166 3817 1292 3866 monstrat
1311 3811 1384 3864 Nori-

261 3889 316 3940 aius
337 3889 429 3940 Ceuot.
448 3887 501 3938 Pis.
520 3886 560 3950 ll,
580 3889 605 3940 6.
625 3903 649 3953 p.
662 3889 722 3938 137.
757 3884 788 3935 Iu
807 3885 840 3936 K.
852 3884 926 3936 Mars.
945 3885 1069 3938 Amitem.
1088 3886 1185 3938 Antiat.
1204 3883 1230 3936 bi
1256 3883 1311 3936 ludi
1329 3898 1385 3935 cou-

262 3960 393 4010 tinuantur
409 3958 469 4010 iude
484 3973 499 4008 a
513 3957 594 4024 pridie
607 3957 695 4009 Nonas
712 3972 795 4023 usque
813 3956 845 4007 ad
860 3956 884 4008 d.
893 3956 938 4008 lv.
954 3971 978 4008 a.
996 3955 1072 4020 Idus,
1090 3956 1128 4008 ita
1145 3963 1175 4007 ut
1192 3956 1267 4008 ludos
1284 3955 1318 4008 D.
1333 3951 1384 4005 Iulii

260 4031 360 4082 natales
376 4031 588 4099 complectantur.
702 4027 883 4096 Neptunalia]
903 4044 927 4079 a.
946 4027 970 4078 d.
989 4027 1023 4078 Χ.
1042 4027 1102 4078 Kal.
1120 4028 1243 4080 Sextiles.
1262 4026 1296 4078 K.
1316 4023 1382 4078 Maffi

259 4099 418 4155 Pinciauum.
552 4097 604 4164 der]
622 4114 665 4164 vg.
702 4099 744 4148 die
760 4099 836 4153 codd.
968 4097 1236 4165 Furrinalia]FGab.
1256 4104 1282 4150 et
1300 4102 1383 4164 postea

258 4171 393 4222 Furrinae
411 4171 496 4224 iidem.
532 4169 676 4220 Furinalia
690 4170 726 4223 H.
761 4171 881 4222 Furinae
894 4187 937 4235 vg.
953 4233 956 4242 Ι
973 4169 1081 4222 FVRR.
1100 4176 1127 4221 et
1145 4167 1331 4222 FVRRINAE
1349 4171 1383 4216 est

259 4244 337 4295 etiam
360 4243 388 4294 in
412 4244 446 4294 K.
465 4241 537 4295 Mais.
554 4241 694 4306 Pinciaao,
718 4241 839 4295 Allifano.
916 4240 1010 4294 Fiebat
1031 4239 1080 4294 boc
1105 4257 1207 4294 sacrum
1231 4257 1254 4294 a.
1273 4239 1297 4292 d.
1316 4237 1382 4293 Vlll.

258 4313 317 4367 Kal.
336 4315 457 4367 Sextiles.
547 4345 551 4352 .
