2890 4820
262 293 298 347 IV
691 291 967 339 tubertate

262 457 320 526 sed
345 453 449 524 celare
471 473 553 544 quae
572 449 742 532 scriberet,
766 449 946 518 existimare
964 471 1000 517 sc
1022 446 1211 517 addidisset:
1239 447 1386 517 Minime

260 565 357 621 vero,
377 540 565 630 respondem
586 537 851 624 intemperantis
873 536 965 600 enim
982 533 1135 598 arbitror
1152 557 1224 599 esse
1240 531 1386 599 scribere

260 628 351 776 puod
372 627 545 692 occultare
565 621 671 686 velis.-
699 620 760 685 sed
785 617 889 684 babeo
913 642 997 718 opus
1016 641 1186 714 magnum
1213 619 1251 682 in
1272 618 1385 681 muni-

282 735 338 791 us,
368 711 458 798 quod
479 703 706 792 iampridem
727 704 775 768 od
800 704 891 767 bunc
918 722 1033 790 speum
1061 703 1269 790 (Ciceronem
1291 701 1385 788 dicit)

259 795 429 886 quaedam
450 791 594 857 institui
601 837 609 863 ,
639 811 727 876 quae
746 798 780 852 et
802 798 884 851 suut
906 809 1037 874 magno
1058 811 1142 852 sune
1160 799 1194 853 et
1214 788 1386 853 limantur

260 903 283 944 u
303 903 356 944 me
374 877 530 964 politius.
573 876 667 940 Haeo
687 873 798 951 verba,
844 894 921 950 uae,
947 894 1126 960 quanquam
1146 894 1246 976 nuper
1266 881 1387 940 tentata

259 986 280 1030 a
301 961 458 1029 Guilelmo
479 960 562 1026 Rein
584 959 813 1045 (Quaestioues
869 957 999 1022 ullianae
1018 981 1048 1045 p.
1059 955 1147 1041 29),
1172 981 1218 1023 sre
1238 967 1274 1025 ut
1290 957 1385 1106 posui

259 1071 338 1115 sana
366 1059 399 1113 et
427 1045 512 1113 omni
537 1043 653 1110 mendo
681 1043 779 1112 libera
807 1065 878 1107 esse
907 1065 1040 1122 censeo,
1071 1042 1261 1122 ostendunt,
1301 1043 1386 1108 ibros

259 1132 458 1218 de·Lingua
478 1130 594 1197 Latina
622 1129 786 1195 inchoatos
815 1127 941 1213 quidem
970 1138 1037 1194 tum
1067 1127 1163 1194 luisse
1191 1129 1386 1205 aVurrone,
1435 1129 1436 1202 3

258 1217 317 1284 sed
343 1218 484 1284 nondum
504 1215 546 1281 de
575 1217 717 1282 manibus
740 1213 900 1302 depositos
928 1213 983 1298 (ut
1004 1211 1118 1278 dicitur
1140 1212 1238 1280 Acad.
1256 1223 1337 1300 post.
1359 1213 1386 1292 l,
1435 1235 1436 1296 ,

258 1305 296 1382 1,
316 1301 366 1387 3.)
388 1315 421 1370 et
442 1325 482 1368 nc
507 1311 628 1388 partem
650 1299 777 1388 quidem
807 1321 916 1364 eorum
948 1298 1109 1364 etiamtum
1132 1296 1174 1362 ad
1195 1299 1387 1363 Ciceronem
1435 1317 1436 1380 i

257 1388 481 1454 transmissam.
526 1386 684 1458 Quocirca
705 1384 797 1450 etiam
814 1385 846 1447 in
866 1382 1006 1470 epistola,
1025 1405 1087 1450 una
1103 1405 1175 1448 cum
1190 1381 1387 1448 Academicis
1435 1391 1436 1468 J

257 1483 409 1560 quattuor
428 1470 514 1538 libris
536 1468 578 1534 ad
600 1471 776 1536 Varronem
797 1467 891 1534 missa
913 1467 974 1554 (ad
996 1468 1089 1534 lamii.
1103 1467 1167 1547 lx,
1187 1469 1247 1552 C),
1269 1469 1387 1534 Cicero
1435 1479 1436 1504 ¹

256 1581 293 1624 se
321 1557 422 1624 teneri
443 1577 512 1620 uon
531 1555 694 1642 potuisse,
721 1555 904 1642 profitetur,
936 1555 1102 1641 quominus
1123 1554 1190 1639 ipse
1210 1553 1387 1620 studiorum
1435 1585 1436 1632 a

256 1663 386 1714 suorum
403 1641 655 1706 coniunctionem
672 1639 859 1719 declararet,
882 1662 953 1706 cum
968 1641 1069 1706 Varro
1085 1637 1223 1704 tardius
1234 1636 1388 1726 jaceret,
1435 1641 1436 1696 ζ

255 1725 358 1794 idest
380 1747 421 1792 ex
443 1725 608 1792 Ciceronis
632 1723 909 1813 interpretatione,
938 1724 1161 1810 diligentius.

367 1897 442 1972 Non
465 1896 645 1984 discrepant
670 1895 710 1962 ab
733 1893 799 1972 his,
830 1915 912 1982 quae
934 1916 972 1958 ex
996 1893 1161 1960 Ciceronis
1182 1893 1278 1960 literis
1300 1893 1385 1960 colli-
1435 1937 1436 1946 2

256 1991 394 2068 guntur,
429 2005 489 2048 eae
515 1993 694 2070 temporum
720 1979 915 2058 notationes,
950 2000 1035 2066 quae
1063 2001 1103 2044 ex
1131 1980 1206 2065 ipsis
1234 1980 1386 2045 Varronis

256 2070 298 2132 de
318 2068 447 2154 Lingua
463 2067 579 2133 Latina
599 2066 685 2132 libris
708 2065 823 2131 confici
840 2076 981 2152 possunt.
1022 2063 1106 2130 Nam
1124 2063 1210 2152 quod
1227 2064 1259 2129 in
1275 2065 1386 2151 quinto

255 2151 372 2232 borum
404 2152 553 2219 librorum
593 2149 768 2240 (§.100.)
804 2150 940 2236 legitur,
983 2149 1248 2236 camelopardalin
1284 2171 1388 2236 nuper

255 2236 452 2303 Alexandrea
479 2237 669 2314 adductam,
703 2236 735 2300 id
764 2235 865 2304 Varro
897 2233 1036 2301 scribere
1066 2257 1128 2300 nou
1158 2244 1285 2322 poterut
1312 2247 1388 2302 ante

255 2343 371 2387 annum
399 2323 439 2390 ab
462 2323 502 2388 U.
524 2345 551 2388 c.
572 2321 745 2399 DCCVII,
775 2344 838 2408 quo
869 2321 991 2386 Caesar
1017 2332 1090 2407 post
1111 2320 1300 2386 Pharnacen
1330 2319 1387 2385 de-

149 2481 155 2498 ·
205 2416 209 2421 '
256 2406 371 2473 rictum
387 2407 524 2472 Romam
547 2429 692 2473 resersus
711 2407 914 2472 Circensibus
935 2403 1016 2470 ludis
1035 2407 1154 2492 primus
1178 2406 1240 2470 hoc
1260 2417 1387 2492 specta-

257 2491 362 2558 culum
384 2491 537 2560 Romanis
559 2492 733 2579 proposuit.
783 2490 933 2568 Proximo
953 2512 1052 2570 anno,
1077 2513 1105 2554 a.
1117 2491 1159 2556 U.
1174 2513 1200 2556 e.
1213 2490 1388 2556 DCCVIII

165 2646 166 2649 ,
279 2578 311 2641 ui
339 2578 531 2642 confusionis
559 2575 692 2650 dicitur,
726 2597 798 2640 cum
822 2575 895 2641 lasti
923 2597 941 2638 a
963 2577 1106 2640 Caesare
1129 2575 1387 2654 emendarentur,

256 2599 433 2726 i'nrronem
459 2659 641 2745 intelligitur
668 2670 793 2725 sextum
822 2681 862 2724 ex
881 2658 967 2724 libris
993 2660 1058 2726 suis
1086 2662 1295 2749 perscriptum
1317 2661 1387 2748 qui-

258 2743 332 2810 dem
350 2745 418 2836 jam
441 2744 607 2825 habuisse,
623 2743 695 2810 sed
722 2754 914 2810 retractasse
940 2753 1046 2808 tamen
1073 2757 1202 2831 postea„
1235 2756 1267 2812 et
1288 2767 1388 2839 quae-

236 2827 332 2895 'dam
358 2827 400 2894 ad
428 2851 525 2896 novas
552 2829 705 2896 fastorum
731 2829 871 2895 rationes
899 2827 1064 2914 exegisse,
1094 2829 1154 2896 alia
1175 2840 1280 2900 autem
1304 2852 1389 2916 quae

134 2923 136 2926 ’
258 2937 330 2980 cum
345 2915 394 2981 his
411 2935 473 2980 non
490 2913 675 2994 concinunt,
695 2912 875 2980 incorrecta
889 2913 1062 3000 reliquisse.
1105 2915 1190 2980 Nam
1207 2916 1389 2983 Saturnalia

259 3011 291 3066 et
313 2999 428 3088 Opalia
454 3001 491 3066 iis
518 2999 629 3068 diebus
651 3023 670 3066 a
690 3000 836 3080 Varrone
859 2999 940 3084 (vl,
960 3000 1031 3085 22.)
1058 3001 1243 3081 memorari,
1272 3002 1388 3089 quibus

259 3085 381 3150 Caesar
402 3108 455 3152 eas
476 3086 572 3152 ferias
590 3087 763 3168 tribuerat,
790 3107 808 3149 a
833 3097 933 3150 ertum
955 3095 1019 3166 est,
1047 3097 1080 3152 et
1100 3087 1301 3158 observatum
1323 3086 1389 3152 iam

258 3168 425 3255 aPopma
453 3171 501 3258 (p.
513 3174 582 3236 129.
605 3172 655 3237 ed.
676 3107 840 3258 Bipontd:
866 3178 999 3249 'eontrm
1030 3170 1117 3256 quod
1145 3173 1284 3258 scriptor
1310 3172 1388 3258 (vl,

259 3251 328 3340 13.)
351 3253 444 3332 dicit,
473 3278 544 3320 cum
565 3255 785 3335 intercaletur,
814 3255 938 3322 ultimos
982 3254 1099 3342 uiaque
1120 3255 1188 3323 dies
1208 3257 1389 3324 Februario

184 3366 188 3372 ’
257 3339 358 3404 mensi
385 3337 486 3419 demi,
515 3339 548 3404 id
570 3362 633 3405 non
655 3342 800 3408 contenit
822 3341 910 3424 fastis
937 3278 1080 3422 ibiiauis,
1110 3343 1224 3430 quibus
1245 3344 1389 3409 bissexto

257 3423 441 3490 intercalato
463 3424 627 3492 inferiores
648 3424 715 3491 dies
732 3426 910 3492 Februario
930 3448 992 3491 nun
1012 3425 1197 3508 demuntur,
1226 3426 1282 3496 scd
1304 3447 1390 3496 unus

257 3510 362 3658 tit?
389 3509 457 3661 dii?
481 3510 641 3662 Θὲῖῗέἶῗῖ,
659 3508 806 3661 tlte
835 3513 1125 3663 ttfftttbttt
1148 3514 1391 3666 tittttttt.

257 3617 521 3760 interodlabatdr,
553 3691 586 3748 et
615 3618 691 3746 huid
720 3619 805 3760 ciba,
839 3679 953 3768 quibus
973 3682 1179 3748 Februarius
1208 3682 1391 3751 deminutus
1418 3675 1421 3680 ’

259 3776 344 3842 erat,
366 3764 397 3828 in
417 3765 481 3830 fine
501 3765 738 3832 adiiciebantur.
781 3764 851 3831 Aliu¹
867 3761 938 3830 lo'co
961 3768 1034 3851 (VI,
1052 3767 1123 3851 88.)
1144 3767 1283 3849 conieci,
1304 3768 1392 3835 viros

259 3847 358 3915 sacris
380 3849 606 3934 Apollinaribus
632 3845 787 3920 faciundis
813 3862 846 3918 et
879 3849 1047 3918 librisSib
1070 3852 1147 3918 llinis
1184 3852 1391 3940 inspiciendis

260 3934 466 4011 constitutos,
505 3937 557 4022 qui
585 3938 615 4002 in
647 3932 811 4003 codicibus
841 3934 993 4010 Varronis
1021 3938 1053 4004 X
1114 3936 1170 4002 ¹viri
1198 3940 1392 4019 scribuntur,

258 4017 338 4084 XVI
366 4019 448 4084 viros
478 4041 496 4084 a
524 4021 678 4107 scriptore
706 4021 808 4088 dictos
838 4043 926 4108 csse,
964 4043 1035 4090 cum
1063 4023 1245 4100 Caesarem.
1264 4035 1393 4091 constet

261 4124 343 4168 anno
369 4105 410 4170 ab
436 4104 477 4170 U.
501 4127 528 4171 e.
557 4105 712 4173 DCCVII
740 4105 1009 4196 quindecimviris,
1048 4108 1103 4193 qui
1132 4122 1225 4177 antea
1251 4109 1392 4191 luerunt,

261 4197 386 4255 sextum
415 4189 571 4256 decimum
594 4189 763 4259 addidisse.
816 4195 856 4259 At
880 4200 1006 4280 poterat
1030 4215 1108 4259 sane
1130 4195 1225 4262 etiam
1248 4217 1288 4260 ec
1309 4205 1394 4262 tem-

260 4295 359 4360 pore,
400 4297 464 4363 quo
493 4296 643 4341 numerus
679 4278 720 4342 ad
755 4276 896 4344 sedecim
930 4290 1093 4358 creverat,
1135 4291 1171 4349 ut
1202 4290 1316 4368 postea
1350 4282 1394 4345 ab
1435 4333 1436 4336 η

262 4359 406 4426 omnibus
434 4359 552 4428 lactum
584 4380 655 4428 esse
684 4359 841 4444 ridemus,
870 4363 1151 4451 quindecimvirum
1175 4387 1294 4432 nomen
1316 4366 1394 4432 reti-
