2890 4820
500 225 749 274 sarranis·
907 176 911 192 ι
1140 221 1190 274 vll

64 391 145 456 enim
173 409 251 455 vero
281 389 485 454 confirmatur
513 385 646 474 Appiani
674 387 886 456 testimoniam
914 387 1013 476 ipsius
1040 391 1189 458 Varronis

62 474 178 542 iudicio
204 472 308 561 (apud
331 472 466 539 Gellium
487 470 554 550 ΙΙΙ,
577 469 663 555 10.),
693 471 798 559 quiin
820 473 921 560 primo
943 471 1190 544 Hebdomadum

63 562 160 639 libro,
191 581 285 648 quem
313 557 584 648 septuagesimum
605 567 750 622 octavum
775 560 858 624 ritae
880 579 996 641 aunum
1016 558 1189 647 ingressus,

62 644 92 712 id
119 653 168 710 est
195 667 277 709 anno
306 646 346 708 ab
368 643 410 709 U.
430 665 457 709 o.
484 641 552 707 sere
577 639 742 714 liccxv,
770 641 910 730 scripsit,
943 642 984 708 ad
1008 665 1080 714 cum
1107 644 1191 712 diem

62 727 343 798 ccchxXxx
371 729 526 794 librasse
551 726 766 815 composuisse
792 729 1020 816 profitebatur:
1051 753 1093 793 ex
1115 731 1191 816 qui-

61 815 124 878 bus
167 813 473 902 aliquammultos,
522 835 599 876 cum
629 811 855 898 'proscriptus
900 825 1006 892 esset,
1043 813 1191 900 direptis

60 897 275 962 bibliothecis
295 898 368 961 suis
386 921 452 961 nou
470 899 711 984 comparuisse.
754 894 820 962 lam
860 897 915 962 uid
933 899 1088 985 apertius,
1115 895 1191 999 quid

61 996 151 1049 certe
180 983 324 1070 cogitatu
356 981 543 1069 proclivius,
584 1003 678 1067 quam
708 979 804 1046 libros
835 921 877 1047 lle
906 983 1036 1070 Lingua
1065 982 1190 1062 Latina,

61 1069 226 1135 etiamtum
253 1069 285 1133 iu
313 1069 432 1134 scriniis
454 1066 604 1133 Varronis
634 1063 833 1146 reconditos,
864 1066 925 1132 hoc
950 1079 1094 1155 tempore
1116 1088 1191 1155 pro·

61 1164 201 1233 tractos,
229 1166 262 1219 et
287 1154 327 1218 ab
350 1152 474 1218 homine
496 1153 655 1216 literarum
676 1150 849 1214 amantiora
874 1163 1041 1239 exceptos,
1071 1161 1121 1233 ct,
1150 1173 1191 1218 ae

61 1239 190 1328 penitus
219 1238 375 1326 perirent,
411 1259 474 1324 qua
502 1235 604 1299 forma
626 1247 658 1300 et
686 1234 793 1324 specie
820 1245 928 1315 erant,
961 1235 1091 1302 librariis
1117 1259 1189 1323 per-

59 1325 185 1404 missos,
206 1323 438 1408 transscriptos,
460 1319 491 1384 in
511 1319 668 1408 publicum
685 1319 788 1385 editos
805 1319 899 1386 esset
942 1319 998 1385 Sic
1018 1321 1044 1385 si
1064 1341 1189 1387 mecum
1242 1381 1247 1386 .

60 1410 193 1488 statuis,
215 1433 234 1474 a
251 1409 395 1474 Varrone
416 1405 448 1470 hi
469 1405 538 1470 libri
559 1403 634 1470 editi
655 1417 727 1472 suut
748 1415 781 1474 et
801 1426 864 1471 uon
886 1402 978 1488 editi,
999 1403 1041 1471 ad
1060 1405 1189 1472 Cicero-

61 1517 136 1562 uem
159 1504 265 1561 autem
287 1491 395 1580 scripti
415 1505 447 1558 et
467 1512 530 1556 uon
552 1489 669 1577 scripti.
980 1501 982 1506 ’

179 1606 346 1670 Hactenus
369 1600 521 1690 disputavi
547 1625 586 1668 ex
609 1601 836 1690 probabilibus:
867 1624 952 1670 nuuc
973 1601 1191 1670 demonstrare

59 1688 220 1770 studebo,
254 1690 354 1776 ipsam
379 1687 492 1753 horum
518 1685 667 1753 librorum
692 1687 825 1753 formam
852 1711 923 1756 esse
951 1711 1040 1767 eam,
1073 1701 1108 1756 ut
1134 1712 1190 1774 ap-

81 1789 196 1853 areat,
224 1773 401 1838 accelerato
423 1783 455 1838 ct
476 1773 565 1874 quasi
591 1775 757 1840 immaturo
785 1784 877 1860 partu
903 1796 958 1839 eos
984 1774 1087 1840 editos
1110 1795 1190 1838 csse.

59 1799 140 1924 iVon
170 1858 309 1925 insistam
335 1855 462 1946 quidem
490 1879 520 1922 m
549 1879 588 1922 ea
615 1880 658 1923 re
679 1858 781 1924 verbis
803 1857 955 1924 Varronis
979 1858 1189 1934 Cinerouinui,

55 1943 211 2029 politius
231 1943 313 2008 haec
334 1966 353 2007 a
373 1965 410 2009 se
432 1942 570 2009 limari:
593 1954 626 2009 at
646 1945 764 2009 notabo
785 1952 908 2020 umen,
930 1942 972 2006 de
986 1943 1039 2008 Re
1056 1941 1190 2008 Rustica

62 2029 163 2093 libros
187 2028 283 2094 multo
306 2051 355 2094 ma
382 2029 408 2094 's
436 2027 563 2115 politam
584 2039 617 2094 et
637 2027 813 2115 elegantius
835 2027 1030 2094 elaboratam
1051 2026 1203 2115 speciem·

4 2143 7 2196 p
61 2115 200 2190 offerre,
231 2137 325 2199 quam
415 2112 545 2199 Lingua
568 2112 684 2179 Latina
712 2135 774 2178 nou
801 2111 896 2178 modo
925 2112 1065 2198 singulos
1092 2111 1191 2192 locos,

62 2197 122 2263 sed
145 2199 324 2265 universum
343 2221 432 2286 opus.
485 2195 552 2263 sed
573 2219 611 2264 ex
634 2198 708 2302 ipsis
729 2199 776 2264 his
799 2198 884 2263 libris
906 2195 1096 2263 documenta
1117 2187 1213 2284 pro-⁸

61 2283 189 2349 traham
216 2284 331 2350 laboris
354 2282 494 2349 nondum
517 2281 667 2364 absolut13
697 2305 814 2371 eaque,
846 2305 919 2347 cum
941 2303 1071 2348 numero
1095 2280 1192 2346 multa

64 2370 147 2448 sint,
189 2369 221 2434 in
257 2369 387 2434 classes·
411 2366 565 2454 quasdam
599 2366 763 2452 digeram,
802 2367 970 2433 levioribus
1003 2366 1192 2454 praemissis,
1286 2394 1289 2406 ’

63 2452 185 2520 scilicet
207 2464 247 2517 ut
269 2463 363 2526 roret
383 2463 569 2540 antequam
588 2451 702 2538 pluat.

179 2563 284 2630 Varro
305 2558 346 2626 de
365 2556 477 2626 iisdem
497 2557 594 2621 rebus
615 2555 729 2624 eadem
752 2557 829 2625 dicit
852 2556 980 2624 dirersis
1002 2556 1088 2622 locis.
1138 2553 1195 2620 Sic

66 2647 256 2714 vocabulum
282 2645 374 2724 iubar
401 2642 511 2710 iisdem
539 2639 703 2728 p'obtarum
732 2645 872 2710 versibus
897 2641 1041 2709 adductis
1067 2641 1115 2707 bis
1138 2663 1193 2706 ex-
1215 2651 1225 2666 '

65 2734 177 2820 plicat,
202 2729 464 2813 V1,6.V11,ra
508 2727 622 2807 Canis,
652 2729 739 2814 quod
760 2741 868 2806 canat,
897 2741 932 2794 ut
952 2729 1043 2816 sigua
1065 2739 1193 2802 canunt,

67 2819 172 2884 dictus
201 2840 271 2884 esse
299 2813 435 2883 traditur
462 2814 501 2893 V,
521 2815 573 2878 92.
601 2823 633 2878 et
658 2815 737 2893 VII,
759 2815 812 2890 32,
867 2814 991 2879 Merces
1021 2811 1193 2898 explicatur

65 2904 105 2984 V,
126 2904 170 2969 44
191 2915 223 2970 et
244 2904 314 2985 178.
335 2923 399 2968 uon
420 2897 487 2965 sine
507 2897 565 2964 levi
587 2896 782 2983 discrimiue3
805 2899 912 2987 itaque
934 2899 996 2964 hoc
1016 2895 1192 2984 exemplum

66 2987 128 3055 iam
150 2987 300 3077 proximis
324 2983 486 3053 accenseri
508 2982 632 3071 poterit.

180 3093 283 3159 Varro
315 3090 357 3155 de
387 3089 499 3158 iisdem
534 3089 630 3154 rebus
664 3085 787 3152 diversa
816 3082 913 3151 tradit
944 3080 1073 3150 (bremis
1105 3080 1192 3148 locis.

70 3177 125 3242 Sic
148 3177 188 3255 V,
209 3179 261 3243 rl.
290 3176 448 3264 lympham
475 3175 515 3244 ab
542 3195 644 3260 aquae
670 3172 760 3259 lapsu
786 3168 907 3235 lubrico
934 3168 1051 3234 dictam
1073 3167 1192 3242 scribit,

68 3261 148 3342 VII,
169 3263 220 3328 87.
250 3261 445 3363 aNympha.
497 3258 632 3342 Gravius
655 3270 703 3324 est
731 3255 862 3322 alterum
887 3255 1079 3342 exemplum,
1106 3250 1192 3339 quod

69 3346 131 3428 VI,
153 3349 204 3413 52.
226 3344 386 3412 vaticinari
408 3369 427 3412 a
447 3366 561 3410 resana
582 3352 686 3408 mente
704 3338 822 3407 dictum
840 3341 965 3420 statuit,
992 3338 1088 3424 idque
1106 3349 1192 3436 post,

70 3455 140 3498 oum
167 3431 209 3497 de
239 3432 341 3518 poetis
368 3429 536 3496 dicendum
566 3427 623 3506 sit,
654 3424 687 3491 id
715 3435 764 3493 est
792 3429 926 3514 septimo
954 3425 1034 3489 libro
1063 3443 1115 3522 qur
1145 3433 1193 3502 est

71 3518 111 3583 de
140 3515 272 3606 poeticis
302 3515 479 3594 vocabulis,
517 3512 698 3600 explicatius
729 3535 765 3578 se
791 3504 1192 3606 scripturumppllrcetur3

69 3602 131 3668 hoc
161 3615 265 3671 autem
292 3601 372 3668 libro
402 3597 591 3686 (v11,36.)
620 3609 708 3663 vates
736 3619 755 3662 a
778 3599 917 3663 versibus
943 3589 1061 3657 viendis
1089 3589 1191 3656 dictos

71 3710 141 3754 esse
167 3698 339 3766 memorat,
371 3687 466 3774 idque
493 3681 534 3749 de
561 3682 714 3770 pobmatis
742 3705 814 3747 cum
841 3680 974 3756 scribat,
1007 3673 1040 3740 id
1061 3687 1110 3742 est
1131 3675 1192 3740 sin-

71 3773 172 3860 gulari
191 3772 232 3838 de
254 3771 342 3862 poesi
363 3793 478 3858 opere,
506 3791 542 3834 se
562 3779 762 3834 ostensurum
781 3788 852 3832 esse
872 3761 1031 3853 promittit:
1080 3761 1193 3848 ltaque

71 3879 133 3923 uon
160 3858 260 3924 solum
289 3856 474 3924 senteutiam
503 3874 593 3919 suam
619 3851 661 3917 de
689 3862 794 3940 etymo
825 3874 852 3916 r.
879 3849 973 3928 ratis,
1012 3843 1070 3912 sed
1098 3847 1191 3911 etiam

73 3942 234 4008 consilium
263 3965 353 4008 suum
384 3941 426 4006 de
461 3949 650 4024 argumento
682 3932 850 4004 tractando
881 3936 963 4001 inter
989 3930 1191 3998 scribendum

72 4039 262 4110 mutaverat3
294 4041 408 4116 atque,
437 4023 603 4114 quominus
634 4043 718 4109 quae
744 4022 831 4111 prius
858 4021 1046 4109 scripserat,
1075 4029 1110 4083 ut
1135 4016 1191 4080 ‹le-

72 4113 182 4196 bebat,
210 4123 414 4191 retractaret,
443 4108 617 4196 prohibitus
640 4118 698 4175 est.

94 4256 98 4270 ‹
181 4220 284 4284 Varro
310 4217 370 4284 alia
398 4215 551 4294 correxit,
582 4212 642 4280 alia
664 4232 747 4298 quae
770 4231 843 4275 cum
865 4205 921 4274 illis
935 4195 1050 4272 'intime
1075 4203 1190 4270 cohae-
1258 4254 1261 4261 ⁴

74 4317 155 4384 rent,
193 4323 256 4370 uon
288 4313 431 4371 correcta
458 4297 591 4388 reliquit
627 4295 800 4384 ‘Exemplo
829 4303 902 4361 sunt
931 4292 1001 4359 lasti
1032 4287 1190 4358 Caesaris,
