2866 4812
289 236 369 317 1⁷6
607 227 610 233 ¹
655 265 795 313 mansu
833 255 1035 314 octavus.

229 430 302 507 ll·
390 425 459 502 26.
500 426 626 502 Omnis
651 429 762 501 oratio
789 453 868 500 curn
890 425 1016 500 debeat
1039 425 1141 525 diripi
1161 425 1207 498 ad
1227 426 1383 520 utilitatem,

291 533 337 606 ad
362 555 465 630 quam
489 543 565 602 tum
587 528 736 626 denique
759 530 938 627 pervenit,
974 530 1005 600 si
1032 539 1084 600 est
1109 539 1225 628 aperta
1247 540 1280 600 et
1301 527 1385 602 breuis

255 698 259 712 ,
291 633 397 736 (quac
430 634 601 730 petimus,
647 629 754 727 quod·
783 630 953 704 obscurus
986 639 1022 702 ct
1058 628 1185 728 longus
1222 642 1325 704 orator
1351 645 1406 726 est,

290 733 419 836 odio);·
455 745 490 806 et
520 759 600 805 cnm
623 731 751 806 efficiat
775 744 914 830 aperta,
950 741 990 803 ut
1017 731 1254 830 intellegatur,
1288 732 1384 823 brevis,

291 848 333 909 ut
356 849 392 916 et
416 834 485 908 cito
509 833 750 934 intellegatur3
782 846 818 908 et
839 843 994 932 apertam
1021 831 1253 926 consuetudo,
1281 831 1406 906 brenen

229 979 276 1022 411
291 939 516 1036 temperantia
556 936 754 1034 loquentis,
798 947 834 1009 et
866 948 1053 1033 utrumque
1091 933 1168 1008 lieri
1204 937 1306 1031 possit
1336 937 1386 1006 sine

230 1040 278 1052 ““
292 1040 470 1138 analogia:
499 1036 586 1109 nihil
610 1061 651 1110 ea
676 1063 766 1134 opus
790 1049 855 1112 est.
908 1038 1033 1134 Neque
1054 1037 1168 1130 enim,
1191 1048 1300 1108 utrum
1320 1037 1386 1108 ller-

292 1141 364 1214 euli
388 1165 433 1212 an
457 1139 626 1222 Herculis
653 1138 786 1212 clavam
811 1139 881 1212 dici
904 1150 1082 1238 oporteat,
1111 1140 1143 1211 si
1167 1138 1282 1218 doceat
1301 1137 1384 1209 analo

290 1245 369 1342 gia,
401 1267 508 1341 quom
539 1252 725 1340 utrumque
759 1242 806 1314 sit
836 1236 888 1312 in'
905 1239 1175 1333 consuetudine,
1211 1265 1279 1314 non
1296 1239 1385 1336 negle-

228 1357 279 1434 12
292 1344 465 1444 gendum,
497 1342 591 1442 qnod
617 1367 725 1440 aeque
750 1353 833 1415 sunt
856 1352 892 1416 et
913 1341 1032 1416 breuia
1052 1351 1087 1416 et
1108 1353 1238 1440 aperta.
1338 1337 1384 1410 ll.

292 1447 500 1537 Praeterea,
537 1445 680 1542 quoius*
709 1443 865 1518 utilitatis
891 1469 995 1518 causa
1025 1468 1184 1544 quaeque
1214 1469 1266 1516 res
1297 1443 1385 1512 sitin·

288 1558 414 1646 venta,
459 1547 490 1618 si
523 1572 568 1620 ex
597 1561 638 1620 ea
672 1548 753 1644 quis
783 1544 822 1619 id
853 1549 900 1620 sit
932 1557 1162 1640 consecutus,
1207 1543 1385 1642 ampliusue

288 1651 435 1722 scrutari
463 1672 569 1744 quom
600 1650 645 1720 sit
666 1649 813 1720 nimium
832 1650 953 1743 otiosi,
984 1658 1122 1720 etcum
1144 1648 1293 1724 utilitatis
1309 1667 1384 1716 causa

241 1791 249 1837 ρ
288 1748 501 1836 verbaideq
525 1750 595 1820 sint
619 1751 780 1846 imposita
804 1749 929 1844 rebus,
958 1761 997 1823 ut
1022 1773 1062 1820 ea
1087 1749 1296 1849 significent,
1321 1748 1344 1816 si
1361 1742 1384 1814 id

289 1852 538 1950 consequimur
568 1873 639 1922 nna
666 1851 935 1945 consuetudine,
971 1849 1060 1923 nihil
1086 1851 1229 1950 prodest
1250 1847 1382 1945 analogia.

228 2014 279 2086 ⁴32
388 1977 457 2052 28.
496 1976 672 2073 Accedit,
710 1977 827 2078 quod,
864 1979 1093 2079 quaecunque
1126 2006 1213 2054 usus
1243 2000 1331 2052 causa
1355 1971 1383 2044 ad

227 2091 280 2168 15
289 2083 395 2154 vitam
417 2084 488 2155 sint
506 2092 701 2183 assumpta,
726 2084 770 2173 in,
788 2081 844 2155 his
863 2079 1020 2155 necesse*
1041 2081 1222 2156 utilitatem
1242 2099 1381 2180 quaerere,

288 2209 360 2256 non
387 2182 647 2256 similitudinem
659 2211 671 2278 3
710 2185 827 2283 itaque
850 2184 888 2255 in
914 2186 1041 2256 vestitu
1064 2209 1172 2280 quom
1198 2179 1382 2262 dissimillima

288 2285 334 2359 sit
364 2285 474 2359 virilis
506 2293 587 2384 toga
619 2287 778 2379 tamicae,
815 2284 994 2358 muliebris
1021 2284 1111 2359 stola
1144 2285 1264 2384 pallio,
1299 2293 1382 2354 tama

225 2391 279 2470 14
289 2385 603 2488 inaequabilitatem
627 2383 720 2459 hane
750 2389 929 2488 sequimur
956 2385 1067 2460 nihilo
1096 2391 1226 2462 minus.
1334 2374 1379 2450 29·

215 2489 332 2588 (90)In
364 2489 549 2584 aediliciis,
594 2513 701 2588 ῳιοιη
733 2515 804 2562 non
835 2489 1014 2564 videamus
1047 2486 1178 2565 habere
1207 2489 1318 2562 mum
1341 2476 1380 2551 al'

399 2677 454 2743 26.
475 2687 605 2743 obscurus
622 2699 651 2740 et
665 2689 773 2760 longus]
783 2690 873 2746 Aldus.
911 2689 1051 2744 obscurum
1068 2697 1097 2744 et
1115 2691 1189 2764 longi
1205 2691 1235 2744 F.
1268 2690 1320 2740 cett
1330 2674 1381 2733 clii·

286 2780 338 2820 om.
356 2763 436 2818 verba
453 2763 521 2816 iuter
539 2762 609 2830 prius
628 2763 782 2816 stulterum
800 2761 888 2815 brevis
905 2765 998 2833 posita.
1137 2773 1170 2816 ut
1186 2762 1225 2828 et]
1241 2754 1321 2825 scripsi
1340 2763 1381 2803 sua·

286 2837 365 2889 dente
390 2835 542 2904 Spengelio.
587 2839 615 2882 et
632 2833 709 2885 codd.
753 2841 786 2884 ut
808 2834 899 2887 Aldus.
941 2837 981 2886 Et
998 2849 1046 2904 pro
1064 2831 1149 2886 etiam
1165 2835 1198 2900 V,
1216 2835 1271 2884 126.
1298 2824 1339 2886 vl,
1352 2821 1381 2871 55·

285 2908 353 2972 Vll,
371 2909 416 2960 52.
558 2903 693 2971 apertam]
710 2919 754 2969 vg.
797 2913 894 2973 operto
912 2906 988 2959 codd.
1131 2903 1253 2968 Herculi]
1268 2901 1297 2954 V.
1311 2895 1337 2946 dc
1350 2889 1382 2941 lii

285 2980 395 3046 genitivi
410 2977 507 3040 torma,
524 2988 590 3042 quae
608 2989 642 3027 ex
659 2975 767 3027 Aeolica
784 2971 943 3041 Σωκράτου,
967 2975 1113 3034 Socration
1131 2980 1262 3045 procreata
1276 2983 1324 3024 esse
1337 2962 1381 3042 diq-

285 3057 344 3116 tur,
360 3057 439 3117 atque
457 3049 484 3101 iu
500 3047 575 3100 bonis
589 3046 723 3099 Ciceronis
740 3046 813 3099 libris
831 3050 981 3116 plerumque
1001 3048 1170 3114 observatur,
1193 3050 1290 3116 praeter
1301 3034 1381 3091 stine-

287 3121 379 3172 derum
398 3123 514 3172 Gramm.
526 3117 586 3170 Lat.
597 3116 631 3169 II.
651 3135 676 3184 p.
687 3121 763 3184 16³.·,
774 3117 946 3172 'Heinrichiu's
962 3135 1021 3172 ann.
1037 3120 1070 3173 ad
1088 3121 1173 3174 Cicer.
1186 3119 1218 3170 de
1229 3115 1261 3170 R.
1271 3115 1299 3166 Ρ.
1313 3104 1380 3176 pttt·

286 3198 315 3246 ct
332 3191 478 3244 Ellendtius
494 3189 528 3240 ad
546 3189 630 3242 cicer.
649 3189 759 3241 Brutum
776 3193 812 3255 8,
828 3195 873 3245 29.
988 3190 1072 3263 quod]
1090 3206 1134 3258 vg.
1170 3181 1234 3241 sunt
1251 3169 1379 3258 qualitadi·

294 3373 295 3376 Ἴ
398 3283 450 3348 27.
478 3297 597 3370 quoles]
611 3303 710 3372 scripsi.
746 3302 820 3375 quod
835 3302 879 3357 ius
895 3303 950 3372 (vis
964 3305 998 3360 Η.
1025 3303 1069 3356 tie
1082 3303 1130 3372 F.)
1143 3304 1218 3358 codd·
1252 3313 1320 3371 quom
1334 3284 1378 3343 moi·

288 3371 457 3438 angustinus.
501 3387 568 3440 quor
584 3371 609 3424 si
626 3375 693 3428 coni.
711 3376 876 3444 Spengelins.
922 3379 1059 3430 Stmctura
1078 3393 1137 3430 cum
1156 3392 1189 3429 ex
1206 3369 1317 3430 Varronis
1330 3370 1379 3416 mili

286 3442 402 3496 relativis
421 3448 447 3493 et
466 3441 680 3498 conditionalibus
705 3443 827 3500 membris
850 3449 1000 3516 antepositis
1019 3453 1046 3501 et
1063 3448 1192 3514 inaequali
1208 3443 1350 3498 relativorum
1362 3431 1379 3478 il

287 3514 544 3566 denominativorum
563 3518 741 3582 pronominum
759 3519 877 3571 iunctura
893 3519 1049 3588 implicatior
1066 3524 1149 3584 esset,
1176 3502 1378 3578 similitudem

285 3592 328 3638 tur
347 3601 404 3638 esse
422 3585 591 3654 expediendo.
638 3589 718 3641 Cuius
735 3605 798 3641 usus
816 3605 894 3645 eausa
911 3606 1029 3658 quaeque
1046 3606 1090 3643 res
1113 3591 1215 3642 inventa
1232 3590 1281 3648 est,
1300 3580 1378 3631 nuncsi

285 3659 343 3724 quis
360 3673 395 3710 ex
412 3671 444 3710 ea
461 3673 491 3710 re
508 3664 662 3712 consecutus
681 3666 729 3725 est,
747 3661 856 3728 amplius
873 3677 905 3714 ea
922 3663 1040 3729 scrutari,
1055 3662 1131 3715 nimis
1149 3658 1224 3712 otiosi
1240 3650 1333 3708 hominis
1346 3643 1377 3693 tii

284 3731 370 3794 Atque
394 3728 532 3782 verborum
554 3729 723 3798 impositionis
745 3729 788 3784 hic
811 3747 874 3784 usus
899 3739 953 3799 est,
986 3740 1017 3786 ut
1034 3749 1066 3786 ea
1083 3733 1290 3799 significantem.
1324 3714 1378 3770 flunt

283 3801 364 3866 igitur
387 3799 523 3852 verborum
548 3816 622 3854 usum
641 3804 664 3854 si
688 3815 740 3854 una
763 3803 949 3858 consuetudine
971 3807 1165 3872 consequimur,
1191 3798 1267 3853 verba
1283 3787 1378 3861 (lualid

282 3870 403 3939 imposita
420 3871 487 3936 sint,
513 3874 621 3924 scrutari
638 3874 728 3927 inutile
747 3881 794 3926 est.
838 3875 890 3928 Hic
907 3878 929 3928 si
947 3877 1013 3930 ordo
1029 3883 1070 3930 est
1086 3873 1281 3932 sententiarum,
1303 3861 1350 3931 p⁰il
1361 3865 1377 3901 l·

285 3942 558 4009 otiosi-interrogandi
574 3944 649 4011 signo
667 3947 753 3998 nullus
770 3947 844 3999 locus
861 3952 911 4002 est.
1189 3943 1191 3950 ’

394 4035 446 4118 28.
485 4051 550 4120 nod]
563 4061 601 4108 ,ut
617 4043 678 4107 GH.
793 4055 871 4124 usus]
889 4055 966 4110 esuis
983 4071 1000 4110 a
1017 4056 1136 4110 Varrone
1153 4038 1378 4120 scripturientem

282 4125 440 4187 statuamus,
457 4071 554 4177 <ictum
570 4131 610 4176 est
625 4127 651 4178 iu
668 4126 842 4180 Praefatione.
955 4127 1081 4194 neceam]
1096 4125 1202 4193 scripsi,
1219 4121 1244 4174 id
1259 4111 1317 4198 qtl⁰d
1331 4106 1378 4156 ¹¹¹t²¹

281 4193 332 4245 alia
357 4196 491 4260 proposuit
513 4197 677 4264 Spengelius.
713 4215 767 4251 non
792 4196 868 4253 codd.
904 4197 947 4250 (ll.
966 4199 1083 4263 tx,.4s.
1232 4177 1334 4242 tumeat]
1348 4183 1377 4246 ’ξ’

281 4261 376 4315 tunica
393 4263 469 4324 codd.
582 4265 728 4339 muliebria]
747 4270 821 4324 Gisb.
835 4270 960 4340 cuperus.
997 4267 1122 4322 muliebri
1138 4263 1212 4322 codd.
1237 4281 1249 4314 .·
1313 4254 1377 4316 illm'

282 4333 353 4400 usur]
372 4349 413 4401 vg.
450 4333 573 4406 sequitur
589 4337 664 4392 codd.
845 4385 849 4392 .
1209 4381 1212 4388 ·
