2890 4820
256 251 330 315 xxx
499 261 508 283 ¹
675 257 963 306 nasararro

258 421 346 507 neri,
367 384 647 509 transpositiones,
678 416 827 498 lacunae,
855 418 952 486 verba
974 425 1104 507 propter
1129 415 1386 488 homoeoteleuta

257 512 384 580 omissa.
426 507 514 574 Huic
529 507 663 572 sortasse
678 503 795 592 opponi
809 503 919 590 possit,
937 503 1069 593 aliquem
1083 513 1172 572 certe
1186 527 1257 582 esse
1267 505 1386 586 locum,

258 618 323 686 quo
341 591 438 660 editio
446 593 602 740 princeps
617 599 651 656 et
666 588 831 691 Augustini
847 589 950 656 codex
966 612 1005 656 ex
1022 588 1197 675 integriore
1211 589 1386 693 archetypo

135 721 137 725 ,
257 703 318 748 sua
338 701 510 781 sumpsisse
531 677 560 742 vi
584 685 712 755 eantur,
746 674 866 741 mitium
894 698 929 740 se
951 674 1017 741 timi
1043 675 1133 756 libri;
1167 687 1388 757 accette,s1

256 764 334 834 illud
353 765 493 842 imnum,
521 749 614 849 quod
629 759 660 824 io
681 757 843 827 codicibus
865 759 929 826 FG
965 761 1035 826 abe.
1054 759 1161 839 deest,
1182 782 1255 827 eum
1276 759 1389 910 pleris-

256 873 322 940 que
351 849 467 916 criticis
496 867 517 912 a
546 847 688 912 Varrone
717 845 869 934 scriptum
895 845 1102 913 haberemus:
1139 845 1239 911 omnis
1267 846 1320 912 ila
1346 845 1388 911 de

255 933 499 1022 interpolatione
528 929 672 997 doctrina
699 929 893 1009 labasceret,
926 940 960 997 et
988 929 1106 1004 solum,
1138 930 1189 996 eui
1217 930 1387 1009 innitimur,

283 1019 394 1087 edibus
417 1015 531 1084 nostris
555 1014 697 1082 subtrahi
724 1012 901 1094 videretur3
933 1037 1022 1095 nam,
1051 1015 1079 1082 si
1100 1035 1162 1082 uno
1188 1014 1251 1080 hoo
1269 1017 1388 1102 insigni
1439 1051 1440 1056 κ

257 1045 331 1172 ibeo
353 1103 421 1170 eius
443 1101 580 1180 formae,
611 1123 707 1202 quam
727 1099 947 1187 interpolatam
969 1121 1134 1178 vocamus,
1166 1111 1278 1166 auctor
1298 1101 1385 1167 libris
1439 1161 1440 1170 .

259 1189 358 1258 multo
384 1188 488 1274 magis
518 1186 650 1271 integris
679 1208 756 1252 usus
786 1197 851 1253 est:
883 1206 947 1286 quo
973 1185 1044 1250 iure
1070 1183 1174 1250 multis
1202 1183 1269 1252 aliis
1297 1186 1388 1266 loeis,

259 1275 373 1363 quibus
400 1295 463 1338 non
487 1269 685 1358 spernendae
705 1270 823 1357 speciei
845 1281 1034 1372 senpturam
1056 1270 1168 1349 offert,
1197 1272 1388 1356 negabimus

259 1381 333 1426 eum
357 1379 396 1425 ex
417 1355 531 1424 eodem
555 1354 642 1422 lente
662 1354 805 1420 hausisse
826 1355 953 1422 uberius
977 1354 1192 1422 scaturiente?
1240 1361 1281 1422 At
1305 1357 1389 1422 enim

258 1465 335 1513 vero
357 1441 444 1530 quod
465 1441 517 1505 hic
537 1438 682 1524 ponitur,
710 1437 821 1504 salsum
843 1450 912 1521 est3
941 1462 1014 1506 nam
1035 1440 1156 1528 septimi
1176 1438 1245 1506 iibri
1266 1441 1389 1509 initium
1440 1513 1441 1528 2

258 1550 363 1616 aeque
391 1525 549 1593 facticium
571 1546 658 1596 esse,
686 1535 783 1612 atque
805 1535 933 1591 caetera
955 1525 1077 1604 omnia,
1110 1525 1222 1612 quibus
1247 1525 1389 1616 interpo·
1440 1529 1441 1568 ³

259 1615 376 1680 latores
397 1611 439 1676 illi
460 1607 588 1674 volnera
610 1607 714 1675 celare
735 1610 837 1696 magis
859 1631 954 1698 quam
980 1631 1095 1677 sanare
1117 1609 1327 1694 studuerunt,
1356 1612 1389 1677 in

259 1695 465 1764 annotatione
495 1694 570 1759 satis
603 1693 851 1760 demonstratum
881 1707 970 1782 puto.
1028 1695 1141 1782 Itaque
1174 1694 1268 1761 etiam
1300 1695 1391 1785 quod

259 1784 300 1863 V,
314 1783 373 1848 92.
400 1801 462 1846 non
494 1777 562 1843 sine
588 1778 695 1865 specie
721 1778 858 1844 veritatis
886 1777 1028 1845 additum
1058 1790 1107 1845 est
1134 1789 1260 1868 etymon
1286 1778 1393 1866 beati,

259 1866 443 1934 coniectura
468 1862 708 1952 interpolatores
737 1862 945 1953 supplevisse,
976 1864 1248 1951 persuasissimum
1275 1865 1391 1934 babeo.

259 1953 333 2020 Uno
359 1950 447 2029 loco,
482 1947 531 2029 X,
554 1950 605 2014 16.
633 1949 705 2034 (hio
732 1959 797 2027 est,
829 1971 922 2035 quem
951 1970 1047 2036 supra
1072 1948 1135 2014 iam
1163 1950 1290 2039 excepi)
1324 1952 1391 2019 duo
1441 2017 1442 2020 ,

258 2036 414 2106 voeabula
442 2043 476 2098 et
503 2032 721 2119 languescit,
760 2033 801 2098 ab
829 2032 1054 2123 interpolatore
1083 2032 1192 2101 addita
1220 2057 1311 2117 esse,
1352 2047 1392 2104 ut
1441 2075 1442 2090 2

260 2120 450 2190 contendam
471 2117 605 2182 animum
630 2115 782 2207 inducere
803 2139 944 2206 nequeo,
973 2131 1006 2187 et
1026 2119 1170 2185 confiteri
1193 2142 1232 2186 eo
1257 2143 1310 2201 or,
1339 2120 1390 2190 his

259 2207 370 2274 saltem
398 2202 499 2269 verbis
528 2201 701 2290 pleniorem
729 2203 827 2270 luisse
857 2203 1018 2289 codicem,
1052 2227 1092 2272 ex
1120 2225 1184 2293 quo
1211 2142 1262 2272 ed.
1289 2206 1391 2296 princ.

258 2291 358 2360 fluxit
400 2291 439 2360 V.
460 2286 556 2356 etiam
578 2287 639 2367 VI,
656 2288 708 2356 64.

372 2457 441 2526 Iam
464 2456 490 2525 si
516 2456 705 2527 intellectum
730 2469 794 2539 est,
823 2457 951 2526 codices
971 2459 1192 2549 interpolatos,
1220 2472 1392 2550 antequam

262 2545 542 2634 interpolarentur,
571 2545 668 2611 suisse
689 2543 830 2610 eiusdem
851 2545 973 2647 gentis,
1000 2568 1094 2633 quam
1116 2548 1199 2616 notis
1219 2549 1391 2618 reflabo.

263 2632 499 2718 significamus:
545 2627 675 2695 ulterius
715 2628 938 2716 progredrmur
997 2643 1182 2714 uaerentes,
1225 2635 1393 2702 cuiusnam

262 2715 366 2803 stirpis
389 2713 504 2779 suerint
520 2733 560 2776 ex
579 2713 633 2796 iis,
657 2733 854 2801 quassupra
871 2714 962 2816 (pX
1010 2716 1052 2801 1.)
1075 2728 1223 2806 tanquam
1240 2719 1272 2784 in
1293 2732 1393 2787 stem-

262 2810 349 2868 mate
369 2796 599 2884 descripsimus.
642 2801 745 2884 Atque
764 2798 867 2864 omnia
887 2809 968 2864 mter
989 2823 1025 2866 se
1044 2805 1239 2890 comparanti
1258 2803 1392 2871 dubium

202 2889 207 2900 '
264 2908 336 2953 esse
355 2883 480 2971 nequit,
513 2882 586 2968 quin
610 2883 811 2950 Florentinus
830 2881 878 2949 vel
899 2882 1002 2950 codex
1022 2885 1197 2954 Florentini
1220 2889 1391 2958 simillimus

263 2972 335 3038 lons
366 2969 461 3036 luerit
487 2978 521 3033 et
547 2968 755 3058 Pomponiani
782 2980 815 3036 et
839 2969 1058 3056 Augustiniani
1083 2973 1164 3040 libri.
1218 2975 1391 3044 Permultis

264 3058 347 3121 enim
375 3054 454 3120 loeis
483 3052 658 3141 scripturae
687 3064 833 3122 auctores
862 3054 906 3120 ita
935 3053 1103 3125 discedunt
1134 3059 1167 3124 in
1194 3071 1320 3147 partes,
1354 3071 1392 3128 ut

262 3139 338 3206 hine
365 3149 449 3205 stent
475 3138 601 3206 codices
625 3140 757 3218 GHab.,
791 3138 873 3205 illine
899 3139 1100 3208 Florentinus
1128 3164 1202 3210 eum
1227 3144 1331 3213 Laeto
1358 3158 1392 3214 et

263 3223 443 3310 Augustino
465 3231 498 3287 et
523 3223 634 3290 codice
654 3224 693 3291 Β.
745 3224 817 3302 Sie,
848 3235 884 3291 ut
907 3225 965 3290 insi
993 3227 1228 3315 nia‘quaedam
1256 3231 1390 3298 afferam

265 3307 424 3397 exempla,
450 3327 534 3456 quae
554 3307 608 3386 VI,
625 3310 675 3374 27.
697 3310 769 3390 VII,
788 3310 837 3376 12.
851 3310 904 3376 46.
924 3247 1011 3392 vlit,
1029 3312 1077 3378 13.
1097 3313 1185 3392 VIII,
1202 3316 1253 3380 26
1275 3314 1392 3384 desunt

264 3393 339 3476 illis,
367 3415 431 3466 non
476 3401 568 3457 esunt
587 3392 635 3458 his
658 3393 761 3477 libris3
790 3408 902 3461 contra
927 3397 1071 3476 V11,12.
1094 3398 1126 3463 in
1148 3399 1211 3466 fine
1231 3401 1392 3486 quaedam

263 3482 379 3558 verba,
416 3498 499 3565 quae
527 3477 673 3544 omittunt
700 3477 749 3556 hi,
783 3501 846 3544 non
875 3481 1022 3547 omittunt
1049 3482 1107 3564 illi;
1143 3484 1190 3551 sie
1218 3483 1313 3564 VIII,
1336 3489 1391 3553 41.

267 3564 384 3628 Diona
412 3573 446 3627 et
482 3560 620 3626 ΤΙιεοηα
651 3571 699 3627 est
728 3563 760 3625 in
791 3563 974 3630 Florentino
1004 3576 1036 3633 et
1067 3568 1261 3656 interpolatis
1290 3571 1390 3652 libris,

264 3647 374 3711 deone
401 3657 436 3711 et
463 3645 610 3712 atheono
638 3646 669 3711 in
692 3647 806 3724 Gna,
835 3648 1009 3715 cuiusmodi
1033 3653 1130 3720 multa
1151 3654 1235 3722 facili
1255 3659 1390 3742 negotio

265 3730 419 3795 cumulari
449 3741 589 3815 possunt.
652 3729 719 3798 Sed
747 3732 933 3819 quibusdem
964 3746 1070 3803 tamen
1097 3738 1174 3806 loeis
1202 3742 1392 3810 interciata

266 3815 421 3902 scriptura
450 3825 524 3880 nata
556 3839 627 3883 esse
655 3840 717 3883 non
745 3827 869 3906 potest,
910 3819 969 3885 nisi
1000 3843 1041 3886 ex
1071 3845 1229 3892 concursu
1260 3766 1391 3895 allerias

265 3899 387 3986 stirpis;
419 3909 507 3964 certe
531 3903 636 3968 neseio
662 3925 724 3990 qua
752 3901 811 3968 alia
834 3902 957 3970 ratione
982 3907 1130 3994 explicari
1154 3911 1270 3998 possit,
1299 3911 1391 3999 quod

265 3985 313 4065 X,
329 3986 381 4050 21.
403 3983 515 4050 rerba:
547 4009 625 4050 cam
646 4010 710 4074 quo
732 3985 908 4086 conseras,
939 3990 1022 4057 iusto
1051 3992 1122 4060 loco
1149 3997 1251 4081 posita
1274 3998 1391 4065 sintin

264 4069 323 4148 Ε,
352 4091 416 4133 non
442 4078 549 4134 extent
575 4069 606 4140 in
629 4072 742 4147 GHa,
776 4072 854 4138 laiso
877 4073 949 4140 loeo
974 4086 1081 4143 extent
1109 4079 1141 4142 in
1165 4080 1215 4146 ed.
1236 4083 1334 4167 prino.
1358 4095 1392 4151 et

265 4175 336 4242 vg„
363 4152 448 4218 unde
469 4152 645 4241 colligitur,
669 4179 708 4222 ea
730 4155 762 4221 in
782 4157 895 4223 codiee
916 4159 1052 4247 quodam
1072 4165 1208 4250 margini
1229 4167 1392 4256 adscripta

266 4251 300 4306 et
321 4237 361 4303 ab
381 4237 448 4304 aliis
469 4239 601 4320 omissa,
628 4241 668 4308 ab
690 4239 757 4306 aliis
779 4242 861 4308 male
882 4242 967 4314 illata
988 4245 1093 4318 luisse.
1137 4255 1239 4339 Atque
1260 4254 1299 4333 V,
1316 4255 1391 4321 140.

209 4330 211 4334 ’
266 4323 421 4414 scriptura
443 4322 515 4392 eod.
532 4324 570 4394 B.
591 4336 643 4392 est
662 4322 858 4394 vehiculum
874 4329 1025 4411 dictum,
1044 4343 1095 4400 eet
1112 4333 1155 4399 cb
1176 4336 1260 4402 eliis
1281 4338 1390 4406 etiam
