2890 4820
267 251 292 302 X
687 249 966 297 PRAEFATIO

266 413 384 484 utiliter
411 410 553 478 adbiberi
580 404 713 496 poterit,
747 415 778 471 et
804 404 875 473 loco
903 405 992 495 peius
1021 405 1397 484 affeotoX·,18...20.

268 503 345 568 Hoc
366 499 447 563 enim
469 499 557 575 loco,
586 515 638 557 res
658 491 726 578 ipsa
748 490 878 572 clamat,
907 491 1086 558 divisionem
1109 491 1279 560 casualium
1300 515 1398 560 voca-

267 586 413 652 bulorum
436 583 466 648 in
491 579 640 650 articulos
663 587 695 642 et
717 578 893 644 nominatus
918 576 1173 680 praeponendam
1198 577 1295 681 spisse
1319 599 1399 726 par-

267 671 369 740 titioni
396 689 569 756 generum,
606 664 637 727 iu
667 683 749 748 quae
776 672 843 728 tum
872 663 992 728 articuli
1019 675 1085 728 tum
1114 663 1290 730 nominatus
1342 663 1399 728 ivi-

269 755 396 822 duntur.
447 751 544 818 Nunc
573 749 655 815 haec
683 746 727 812 ita
754 751 880 814 turbata
909 759 997 828 sunt,
1034 758 1265 834 ut-antequam
1294 759 1399 814 totum

270 840 452 906 distinctum
484 838 544 916 sit,
587 844 693 922 partes
727 831 793 898 eius
824 843 1000 900 tractentur
1027 843 1059 898 et
1090 831 1274 898 dividantur.
1330 833 1400 898 Sed

144 954 146 958 ·
270 927 365 992 etiam
387 924 448 988 hac
464 923 496 988 iu
513 945 549 988 re
571 919 659 986 nobis
677 937 738 980 non
759 917 849 1004 plane
868 918 1077 984 satisfecimus
1099 917 1149 982 illa
1167 917 1399 1006 anteponendo,

269 1009 354 1077 lraoc
384 1009 535 1074 inforiore
567 1005 637 1072 loco
670 1001 873 1084 collocando;
914 1016 946 1071 et
975 1005 1096 1082 insunt,
1136 1025 1218 1094 quae
1248 1003 1399 1089 Varrpnis

271 1091 429 1162 secundas
458 1113 551 1160 curas
579 1112 652 1155 cum
702 1088 836 1155 rioribus
865 1109 927 1152 non
958 1086 1127 1172 diligenter
1155 1088 1338 1154 commissas
1368 1101 1402 1154 et

274 1180 465 1266 compositas
490 1186 635 1263 arguant.
679 1113 777 1240 berte
801 1195 883 1260 quae
907 1173 949 1254 de
975 1172 1175 1239 articulorum
1197 1171 1346 1238 divisione
1370 1185 1403 1238 et

273 1286 384 1330 eorum
410 1263 595 1350 imperfecta
623 1257 769 1344 analogia
796 1259 959 1337 dicuntur,
993 1280 1032 1322 ea
1059 1256 1170 1324 iisdem
1199 1258 1267 1322 sere
1296 1259 1401 1322 verbis

271 1361 458 1437 repetuntur
485 1345 517 1434 ς
526 1349 596 1422 211,
628 1354 664 1409 ut
691 1365 730 1406 ea
757 1344 892 1429 scriptor
918 1365 981 1430 quo
1008 1343 1080 1407 loco
1106 1353 1238 1430 poneret
1259 1344 1402 1408 incertus

272 1457 314 1502 ex
328 1433 378 1499 illo
392 1434 456 1498 huc
471 1429 644 1496 transferre
659 1425 791 1492 voluisse
810 1426 961 1494 videatur.
1004 1427 1171 1494 Postremo
1188 1449 1403 1492 commemoro

271 1519 378 1586 locum
398 1519 448 1596 X,
467 1515 537 1594 44,
565 1513 654 1578 ouius
681 1511 907 1591 conditionem,
935 1535 997 1600 qua
1023 1513 1160 1577 inlibris
1182 1512 1332 1589 habetur,
1361 1535 1404 1578 ex

273 1626 384 1669 errore
405 1599 603 1666 librariorum
620 1597 770 1663 Varronis
792 1599 998 1686 archetypum
1018 1598 1151 1700 primum
1171 1598 1403 1664 transscriben-

274 1690 353 1756 tium
374 1688 406 1752 in
427 1683 629 1752 annotatione
649 1682 724 1749 satis
748 1683 933 1771 explicuisse
946 1683 1030 1749 'mihi
1050 1682 1167 1752 videor.

388 1857 483 1922 Haec
503 1855 607 1922 omnia
627 1877 806 1943 quanquam
825 1855 870 1923 ita
892 1863 1076 1942 comparata
1094 1863 1184 1933 sunt,
1203 1867 1239 1922 ut
1257 1853 1403 1920 criticum

276 1963 399 2030 angere
426 1955 459 2010 et
488 1941 594 2007 fallere
621 1943 770 2029 possiutz'
792 1943 823 2006 in
848 1941 1006 2044 plerisque
1033 1951 1138 2026 tamen
1166 1941 1279 2004 horum
1308 1939 1404 2003 libro-

275 2049 346 2094 rum
373 2029 532 2115 partibus,
564 2028 590 2092 si
612 2027 737 2112 singula
759 2026 902 2110 additrtia
923 2026 1165 2104 removerimus,
1197 2025 1403 2112 agnoscimus

276 2113 339 2180 scri
362 2124 463 2177 torem
498 2110 610 2177 ordine
647 2113 855 2200 disputantem
889 2123 922 2178 et
958 2111 1060 2178 stilum
1096 2111 1163 2176 eius
1203 2110 1405 2177 festinantem

277 2135 406 2286 quidem
429 2209 463 2264 et
483 2197 761 2284 negligentiorem,
795 2196 853 2264 sed
875 2219 938 2262 non
959 2209 1078 2262 temere
1097 2206 1203 2264 tamen
1227 2216 1286 2282 per
1306 2206 1407 2261 mate·

277 2284 357 2349 riam
389 2305 478 2350 suam
508 2282 738 2349 decurrentem.
808 2283 875 2348 Alia
908 2282 1031 2348 autem·
1046 2282 1168 2368 species
1200 2292 1249 2347 est
1279 2280 1406 2366 septimi

277 2368 366 2447 libri,
402 2391 486 2456 quae
517 2368 652 2456 farrago
678 2369 784 2455 potius
815 2381 863 2434 est
891 2367 1032 2434 locorum
1060 2366 1275 2454 poeticorum,
1310 2387 1406 2450 quam

274 2454 359 2520 iusta
391 2455 536 2542 politicae
572 2453 717 2520 dictionis
752 2453 919 2533 tractatio,
960 2475 1043 2540 quae
1075 2451 1117 2516 ad
1152 2453 1245 2515 finem
1277 2450 1406 2537 quidem

276 2538 511 2626 quodammodo
539 2538 712 2623 perducta,
747 2537 806 2602 sed
831 2537 1011 2603 nullomodo
1037 2535 1179 2601 absoluta
1205 2535 1266 2600 dici
1290 2548 1406 2622 potest.

274 2624 362 2690 Nam
387 2645 458 2688 cum
479 2623 582 2688 Varro
610 2623 806 2711 poeticorum
834 2624 1001 2688 verborum
1025 2622 1264 2708 explicationem
1290 2620 1423 2704 eodem⁸

276 2689 390 2773 ordine
417 2706 625 2793 disposuerit,
656 2729 719 2794 quo
747 2707 888 2793 volgaria
917 2706 1069 2773 vocabula
1097 2706 1222 2772 duobus
1247 2706 1406 2794 prioribus

275 2791 363 2858 libris
385 2792 529 2879 exposuit
550 2795 597 2877 (v.
612 2792 651 2870 V,
671 2791 720 2857 13.
742 2791 804 2870 VI,
823 2792 855 2858 3.
869 2793 920 2857 35.
943 2791 1106 2872 V11,5.):
1131 2803 1198 2858 tum
1219 2792 1250 2856 iu
1273 2791 1406 2878 singulis

277 2878 473 2965 argumentis
502 2876 729 2964 componendis
759 2877 818 2943 sibi
848 2888 995 2944 constare
1027 2877 1160 2943 volebat.
1213 2877 1318 2955 Hinc,
1351 2878 1408 2942 ubi

277 2962 320 3028 de
347 2963 424 3029 locis
450 2961 542 3042 dicit,
581 2963 716 3048 primum
744 2962 905 3043 caelestia,
942 2962 1057 3028 deinde
1086 2984 1169 3048 quae
1195 2961 1225 3027 in
1251 2961 1344 3028 terris
1374 2973 1408 3028 et

277 3059 463 3198 “dirimi
490 3047 722 3198 ⁰⁰ll⁰⁰¹³t⁵³⁰
749 3047 1026 3199 qtqtleqqpq
1048 3049 1229 3198 iilllsv'
1252 3049 1408 3199 {bil

208 3153 298 3195 .e
406 3153 794 3210 ,....aue,
871 3155 1011 3198 ...e
1116 3179 1306 3205 ,....

277 3214 333 3281 ubi
353 3215 396 3280 de
414 3216 453 3280 iis
475 3217 560 3302 agit,
587 3157 765 3303 quaeqsum
785 3217 818 3282 in
839 3215 933 3297 locis,
964 3219 1097 3306 primum
1120 3216 1196 3283 dicit
1216 3217 1258 3281 de
1278 3217 1407 3282 immor-

277 3299 410 3376 talibus,
434 3299 550 3365 deiode
568 3300 609 3365 de
626 3304 823 3386 mortalibus,
845 3316 883 3371 ut
900 3303 959 3371 sibi
977 3301 1189 3390 respondeant
1209 3303 1246 3382 V,
1261 3303 1407 3369 57...th

279 3398 313 3453 et
335 3386 584 3465 v11‚26...29‚
607 3398 702 3472 atque
723 3390 761 3467 V,
780 3392 903 3477 80sqq.
925 3389 1221 3468 etV11‚3t...36.
1241 3387 1407 3454 41...46.

278 3471 344 3538 Ubi
367 3472 503 3558 denique
524 3482 665 3620 tempora
684 3474 899 3560 persequitur:
922 3475 1053 3540 eaedem
1074 3475 1142 3539 lere
1159 3496 1211 3540 res
1229 3483 1407 3547 recurrunt,

279 3579 358 3641 quas
391 3558 422 3622 iu
456 3557 562 3643 priore
602 3558 670 3621 ibro
704 3567 910 3634 tractaverat,
950 3571 983 3624 et
1015 3560 1123 3626 similia
1154 3568 1226 3624 sunt
1259 3560 1340 3625 inter
1370 3581 1408 3624 se

280 3641 342 3719 VI,
362 3641 492 3707 4...11
517 3654 549 3709 et
569 3642 646 3721 Vll,
666 3643 830 3708 72...79.
880 3643 947 3709 Sed
975 3643 1063 3709 hisce
1088 3645 1183 3708 rebus
1212 3642 1243 3707 iu
1271 3643 1406 3730 septimo

280 3725 361 3790 libro
382 3725 596 3794 immiscentur
623 3750 685 3791 non
714 3751 833 3814 pauca,
886 3750 945 3793 uae
966 3729 1006 3792 ab
1028 3752 1068 3794 eo
1088 3729 1198 3794 ordine
1221 3725 1409 3794 alienissima

280 3821 363 3880 sunt
427 3811 510 3877 Nam
543 3835 627 3900 quae
658 3813 735 3892 Vll,
763 3815 815 3879 50.
842 3751 893 3879 bl.
925 3815 1027 3903 posita
1060 3826 1132 3882 suut
1162 3811 1203 3876 de
1233 3813 1408 3899 iugula-et

280 3895 493 3984 vesperuglne
520 3909 555 3964 et
582 3920 730 3986 supremo
758 3909 919 3986 tempore:
956 3922 994 3964 ea
1025 3923 1097 3966 cum
1126 3895 1336 3984 disputatione
1365 3897 1409 3964 de

280 3993 409 4048 temone
442 3993 474 4048 et
506 3981 617 4048 iubare
650 3984 860 4072 similibusque
895 3983 936 4049 ad
975 3984 1036 4066 diei
1068 3983 1231 4069 noctisque
1262 3995 1408 4071 tempora

281 4066 497 4218 neuun
860 4070 946 4217 eta
963 4068 1407 4220 natatum-s·

732 4179 793 4218 oa
842 4180 865 4218 u
884 4179 896 4218 ι
912 4179 976 4219 ans
1026 4179 1061 4220 x.
1323 4204 1332 4232 ,
1399 4203 1408 4219 .

281 4237 472 4304 retrahenda
507 4238 605 4306 fuisse
638 4237 767 4306 videtur.
835 4240 886 4305 Ex
908 4240 1011 4306 licatio
1030 4257 1150 4307 ¹autem
1181 4239 1408 4306 vocabulorum

283 4321 502 4393 cassabundus
531 4337 564 4392 et
593 4345 721 4406 carere,
758 4347 840 4413 quae
899 4326 949 4405 11,
970 4325 1021 4392 53.
1041 4327 1092 4394 54.
1122 4325 1255 4412 legitur,
1275 4325 1310 4392 ·si
1332 4325 1407 4411 quid
