2866 4812
443 245 480 346 s.
509 259 559 328 uo
583 283 628 300 -
654 255 717 329 aa·
782 307 788 322 .
1064 239 1151 316 1⁷5·
1251 349 1254 356 ‚

29 440 166 506 venatur
194 437 339 521 natura,
374 441 409 502 et
435 431 482 504 in·
501 431 651 506 naturali
678 431 839 504 voluntas
874 431 978 531 (apiae
1007 431 1147 526 quoius·
1177 451 1181 456 ·

29 531 109 604 modi
136 534 225 625 sint,
260 533 432 628 aperietur
456 531 586 632 iufra),
622 534 716 630 quod
747 545 893 631 utraque
923 532 1149 605 declinatione

29 635 84 704 alia
107 633 194 708 liunt
223 633 368 726 similia,
403 633 470 707 alia
496 632 691 708 dissimilia:
728 635 772 708 de
798 661 839 708 eo
860 633 988 708 Gracci
1012 633 1145 705 Latini·
1160 668 1209 737 apg

29 762 86 831 que
109 734 214 808 libros
238 733 396 810 fecerunt
424 733 572 830 multos,
610 738 735 834 partim
768 763 873 835 prom
899 736 957 807 alii
988 743 1151 832 putarent

29 840 58 906 in
77 835 248 933 loquendo
272 863 313 908 ea
338 835 444 910 verba
474 839 572 936 sequi
597 850 774 936 oportere,
814 864 904 936 quae
928 864 948 909 a
980 835 1150 914 similibus

29 939 171 1010 similiter
194 950 309 1011 essent
334 937 523 1032 declinata,
560 965 646 1036 quas
672 939 888 1038 appellarunt
919 936 1150 1033 α’ναλογίαςε

29 1038 75 1109 alii
97 1065 173 1112 cum
200 1040 236 1111 id
261 1038 514 1140 neglegendum
544 1052 704 1140 putarent
734 1067 776 1130 ac
801 1043 916 1139 potius
940 1040 1150 1137 sequendam
1158 1051 1222 1122 (89)

29 1139 348 1234 dissimilitudinem,
388 1167 477 1239 quae
511 1144 548 1214 in
578 1143 835 1218 cousuetudine.
850 1154 924 1232 est,
954 1166 1063 1238 ‚quam
1088 1168 1149 1214 ro-

30 1255 96 1314 cant
118 1237 369 1340 αἰεωμαλίανε
386 1311 387 1316 ,
402 1269 504 1335 cum,
533 1255 573 1315 ut
597 1269 663 1342 ego
680 1241 859 1334 arbitror,
895 1253 1081 1340 utrumque
1106 1245 1152 1314 sit

29 1341 115 1414 nobis
149 1345 363 1443 sequendum
375 1372 401 1439 3,
427 1345 521 1443 quod
548 1346 587 1442 in
618 1344 849 1420 ,declinatione
882 1343 1074 1416 voluntaria
1106 1345 1151 1414 sit

29 1446 205 1540 anomalia,
234 1449 272 1518 in
294 1445 444 1520 naturali
472 1448 581 1546 magis
602 1445 772 1544 analogia.
829 1457 834 1464 '
890 1441 959 1516 24.
994 1445 1051 1515 lle
1074 1447 1151 1540 qni-

28 1543 82 1618 bus
101 1550 286 1646 ,utriusque
314 1551 453 1648 generis
482 1547 768 1622 declinationibus
801 1545 910 1620 libros
944 1546 1069 1618 faciam
1097 1543 1152 1618 bis

28 1659 149 1722 ternos:
183 1651 310 1747 prioris
342 1651 405 1723 tris
430 1649 473 1721 de
498 1677 616 1722 earum
647 1647 915 1724 declinationum
941 1647 1124 1744 disciplina
1138 1675 1150 1742 5
1163 1674 1212 1746 pop

28 1753 239 1842 posterioris,
276 1777 320 1824 ex
345 1752 420 1824 eius
441 1750 642 1850 disciplinae
664 1748 928 1849 propaginibus.
980 1750 1037 1820 De
1060 1750 1152 1845 prio·

29 1849 111 1923 ribus
137 1855 272 1949 primus
296 1854 364 1924 erit
387 1851 467 1926 bic:
503 1879 592 1951 quae
619 1863 740 1926 contra
766 1851 1022 1928 similitudinem
1048 1849 1154 1932 decli,

30 1955 196 2026 nationum
228 1954 417 2054 dicautur,¹
447 1954 644 2048 secundus,
680 1979 770 2051 quae
796 1964 917 2027 contra
941 1951 1155 2024 dissimilitu-

31 2050 154 2150 dinem3
178 2058 303 2152 ,tertius
326 2055 368 2128 dc
387 2056 655 2128 'similitudinum
676 2055 800 2127 torma.
840 2056 897 2127 De
919 2053 1044 2152 quibus
1066 2065 1184 2151 quae*
1244 2139 1248 2146 Ι

31 2153 223 2252 expediero,
252 2153 400 2256 singulis
426 2156 561 2252 trib'us3
589 2170 662 2230 tum
689 2157 733 2230 de
759 2155 875 2232 alteris
901 2155 1044 2229 totidem
1068 2157 1153 2232 scri·
1211 2161 1215 2168 ’

32 2251 101 2329 bere
125 2257 588 2357 acldividere'incipiamus.
992 2324 994 2332 ,

138 2375 208 2450 25.
260 2378 454 2475 Incipiam,
496 2377 591 2474 quod
626 2374 773 2447 huiusce
807 2374 890 2447 libri
925 2385 999 2466 est,
1039 2374 1153 2446 dicere
1168 2380 1220 2465 10

32 2489 139 2551 nonna
161 2482 308 2576 eosqui
333 2478 592 2551 similitudinem
618 2487 801 2550 secuntur:
835 2487 1021 2573 quaeest,
1056 2477 1154 2548 utin
1225 2518 1229 2524 ι

31 2590 127 2653 aetate
151 2605 239 2680 puer
261 2582 306 2653 ad
331 2607 468 2673 senem,
506 2579 622 2679 puella
646 2580 691 2650 ad
716 2604 842 2670 anum,
880 2580 918 2650 in
942 2576 1077 2669 verbis,
1113 2587 1217 2647 ut110

30 2692 72 2752 est
100 2683 216 2773 scribo
242 2680 414 2774 scribam,
452 2681 683 2755 dirodinum.
737 2681 846 2753 Prius
872 2691 991 2752 eontra
1016 2681 1155 2752 univer·
1183 2762 1185 2768 ‚

32 2805 93 2853 sam
116 2786 331 2884 analogiam3
361 2785 441 2858 dein
465 2795 539 2858 tum
566 2784 609 2858 dc
631 2782 779 2884 singulis
806 2781 961 2880 partibus
987 2810 1007 2856 a
1032 2792 1216 2877 naturaffi)

31 2890 185 2960 sermonis
209 2889 385 2986 incipiam.
946 2881 953 2889 ⁴

35 3171 40 3183 1
130 3092 183 3176 23,
214 3117 241 3158 et
259 3110 303 3178 ut]
323 3119 356 3162 ut
372 3119 399 3160 et
424 3111 490 3165 coni.
516 3109 679 3178 Spengelius.
726 3108 819 3174 Neque
844 3093 930 3158 tamen
956 3105 1075 3174 displicet
1099 3107 1158 3160 leve

35 3173 90 3227 illud
113 3180 298 3248 anacoluthon,
329 3183 399 3248 quod
424 3189 464 3234 est
488 3183 514 3232 iu
541 3191 567 3231 et
587 3189 635 3246 ut,
663 3186 691 3233 ct
708 3179 826 3245 sequenti
843 3187 879 3230 et.
911 3178 1022 3235 ‚Facile
1039 3177 1107 3230 enim
1125 3187 1158 3229 ut

33 3249 135 3302 secundo
161 3253 277 3305 membro
304 3255 462 3319 cogitatione
490 3253 617 3318 adiicitur.
669 3252 795 3304 Similiter
818 3251 844 3302 in
869 3251 993 3318 proximis
1017 3251 1158 3318 particulas

30 3320 120 3378 Pssrtim
136 3341 229 3393 quom·
241 3325 267 3376 in
293 3327 379 3394 priore
402 3325 517 3378 membro
536 3325 653 3390 sequitur
671 3341 738 3374 cum·
753 3323 780 3374 in
797 3322 918 3375 secundo.
1069 3319 1158 3388 infra]
1216 3377 1217 3386 ἵ

33 3385 59 3439 V·
76 3390 114 3456 X,
133 3399 176 3447 15.
197 3399 240 3447 16.
379 3392 538 3462 ἀνωμαλίαν]
556 3396 655 3462 scripsi.
687 3393 902 3456 ,AuitMENAN
914 3393 945 3444 F·
969 3393 1060 3444 lacuna
1077 3393 1103 3443 in
1122 3393 1157 3444 G.

33 3471 74 3511 ⁰111.
91 3463 125 3518 H.
144 3465 177 3518 do
196 3484 219 3519 a.
236 3482 288 3520 uon
307 3473 415 3520 constat.
453 3463 589 3527 donaolim
606 3482 649 3532 vg.
732 3525 734 3534 Α
768 3481 799 3498 ’π

133 3569 186 3636 at.
208 3571 308 3652 paim
327 3591 354 3636 et
368 3583 534 3652 posterioris]
552 3583 627 3653 eosq.
651 3582 745 3650 nque,
769 3595 912 3650 quanquam
937 3580 1095 3645 quamnam,
1123 3566 1162 3633 αι’

35 3648 100 3704 codd.
123 3657 175 3710 fide
200 3657 289 3723 posui,
314 3657 389 3708 sicut
414 3655 523 3706 maioris
541 3655 595 3717 tx,
616 3659 658 3706 16.
685 3661 713 3706 et
730 3654 822 3704 uxoris
839 3652 893 3716 tx,
910 3653 970 3717 46„
995 3667 1053 3704 cum
1078 3653 1158 3704 ctiam

30 3716 171 3782 faciliorem
189 3733 216 3780 et
233 3724 389 3778 sanctionis
406 3727 552 3779 a-Caecilio
570 3726 694 3793 scriptum
713 3741 782 3788 esse,
798 3725 960 3790 sosipatrum
973 3721 1116 3776 charisium
1134 3724 1163 3775 Ι.

34 3795 114 3852 plot,
131 3799 163 3851 P.
171 3805 263 3852 testem
278 3796 425 3851 babeamus.
461 3798 554 3863 Neque
572 3798 656 3853 minus
670 3795 778 3855 offendit
794 3793 1020 3847 PPAEGONEIS
1039 3795 1065 3846 in
1081 3797 1158 3848 titulo

35 3865 93 3925 tpud
109 3868 238 3922 Haubold.
256 3869 371 3923 Monuni.
390 3870 485 3936 Legnl.
501 3869 573 3922 XIV.
663 3901 665 3906 ,
689 3866 737 3916 'de
759 3865 965 3918 similitudinum
976 3865 1082 3935 forma]
1100 3867 1159 3920 Ex-

34 3932 149 3993 plicantur
165 3941 228 3993 haec
246 3942 291 4006 iis,
317 3955 382 4006 quae
400 3940 441 4004 X,
459 3944 485 3990 2.
511 3943 641 4006 leguntur.
809 3936 958 4004 expediero]
976 3939 1075 4005 scripsi.
1110 3955 1159 3988 es-

32 4005 232 4076 perieramus,
256 4012 340 4078 quod,
365 4026 510 4077 quanquam
535 4019 687 4064 excusatum
709 4008 897 4074 quodammodo
923 4014 1009 4060 annot.
1028 4009 1079 4074 VI,
1104 4014 1158 4075 56„

35 4083 192 4136 cunctamen
210 4084 285 4135 nimis
304 4076 429 4136 absonum
446 4083 556 4136 ridetur.
593 4079 753 4150 expedierim
771 4081 836 4132 coni.
855 4079 1001 4147 Scioppius.

136 4193 187 4258 25.
211 4207 350 4271 secuntur]
363 4208 413 4260 Ga.
451 4215 602 4276 sequuntur
619 4213 681 4260 cett.
711 4245 735 4262 .,
796 4205 856 4258 dein
869 4207 940 4272 tum]
954 4207 1027 4260 Fon.
1064 4207 1158 4258 deiude

36 4275 86 4322 tom
102 4275 135 4328 H.
173 4279 205 4331 ci.
224 4278 316 4330 deinde
334 4287 394 4328 tum
410 4279 463 4345 Vl,
480 4281 524 4331 42.
543 4285 570 4331 at
587 4295 654 4346 quae
672 4279 705 4332 de
720 4286 784 4348 post
802 4277 895 4330 deinde
912 4281 1043 4333 annotavit
1061 4277 1159 4332 Scirta-

36 4337 81 4395 der.
97 4347 128 4400 ad
145 4349 234 4415 lustin.
253 4350 365 4405 Instituit.
379 4351 400 4417 Ι,
420 4355 450 4415 l,
468 4353 494 4403 2.
513 4368 543 4419 p.
556 4354 598 4402 17.
1215 4353 1216 4360 ’
