2866 4812
270 271 348 348 188
657 303 777 348 uruca
815 279 1015 346 dersvus.
1119 319 1125 332 ·

268 460 483 560 simplicibus
512 462 555 536 dc
587 461 714 560 quibus
740 461 855 535 adbuc
881 461 972 554 dixi,
1012 459 1055 532 de
1082 459 1280 556 compositis
1304 458 1406 554 sepa-

268 567 368 636 ratim
400 562 525 636 dicam.
581 563 673 638 Cum
699 561 744 635 ab
777 562 873 636 tibiis
903 574 939 636 et
968 561 1124 634 canendo
1159 558 1407 633 tibicines

268 665 449 757 dicantur,
491 678 682 765 quaerunt,
724 668 755 738 si
784 665 962 764 analogias
989 665 1088 764 sequi
1118 672 1296 764 oporteat,
1345 686 1409 732 cur

270 793 340 840 non
367 793 388 838 a
413 767 546 839 cithara
570 777 606 842 et
629 767 791 866 psalterio
815 778 850 841 et
874 766 1050 865 pandura,
1076 764 1236 836 dicamus
1260 761 1406 835 cithari-

208 891 335 966 gsgceu
360 872 473 942 etsie
504 869 583 949 alia.
617 870 687 944 ·Si
713 869 760 942 ab.
783 869 868 942 aede
898 879 933 941 et
964 867 1092 940 tuendo
1125 863 1407 938 *aeditumus

269 985 342 1061 est,
385 996 449 1042 cur
481 997 552 1045 non
587 969 635 1043 ab
662 974 749 1044 atrio
779 979 814 1043 ei
845 969 989 1045 tuendo*
1015 971 1129 1068 potius
1155 968 1341 1040 anitumus
1368 967 1408 1038 sit

268 1083 372 1168 qnam
406 1073 657 1147 atriensis?
708 1073 750 1147 Si
782 1071 826 1146 ab
857 1071 984 1144 avibus
1018 1069 1406 1168 capiundisfauccps

156 1226 164 1239 „
267 1174 422 1267 dicatur,
451 1175 610 1248 debuisse
634 1176 732 1247 aiunt
757 1201 800 1246 ex
823 1171 981 1274 piscibus
1005 1171 1208 1271 capiundis,
1235 1181 1276 1242 ut
1297 1195 1405 1240 aucu-

265 1301 366 1374 pem,
403 1279 454 1348 sic
485 1279 654 1375 piscipem
685 1277 769 1348 dici.
949 1271 1022 1346 62.
1065 1273 1137 1347 Ubi
1168 1273 1304 1344 lavetur
1332 1297 1404 1361 aes,

266 1381 487 1472 aerarias,
526 1405 598 1451 non
626 1378 837 1450 uerelavinas
870 1378 1062 1472 nominari3
1102 1386 1137 1448 et
1162 1374 1223 1446 ubi
1253 1373 1406 1446 fodiatur

265 1483 469 1579 argeutum,
505 1479 875 1579 argentifodinas
896 1477 993 1572 dici,
1027 1502 1140 1575 neque
1164 1475 1225 1551 nbi
1252 1475 1406 1548 fodiatur

264 1580 408 1674 ferrum,
437 1583 696 1675 semisomnus,
724 1581 798 1673 Qui
817 1580 949 1677 lapides
972 1579 1133 1670 caedunt,
1157 1578 1401 1677 lapicidas,

265 1683 326 1777 qui
350 1683 465 1780 ligna,
501 1684 687 1782 liguicidas
709 1709 782 1755 non
808 1682 899 1756 dici:
935 1692 1111 1781 nequent
1134 1681 1401 1772 aurificem,

204 1803 256 1874 15}
266 1784 318 1854 sic
349 1784 719 1883 argentilicemsnou
752 1783 893 1856 doctum
929 1783 999 1856 dici
1030 1782 1290 1877 indoctum,
1334 1810 1401 1856 non

265 1884 392 1956 salsum
428 1885 665 1958 insulsum.
732 1884 796 1958 Sic
829 1883 873 1956 ab
907 1883 977 1956 laco
1009 1910 1156 1984 quoque-
1179 1885 1277 1958 fonte
1314 1911 1401 1984 quae

264 1986 458 2082 profluant,
487 1986 759 2059 animadvertere
784 1991 838 2058 esi
861 1985 975 2058 facile.
1014 2037 1020 2050 ·

201 2102 258 2176 54
371 2111 439 2187 65.
483 2117 709 2215 Relinquitur
741 2115 784 2189 de
816 2112 977 2207 casibus,
1016 2117 1059 2187 iri·
1086 2137 1157 2213 quo
1182 2111 1426 2200 Aristarchei³

202 2210 350 2289 55suos
382 2214 595 2293 contendunt
622 2244 761 2291 nervos·
819 2217 980 2290 Primum
1007 2219 1036 2288 si
1061 2219 1098 2288 in
1120 2215 1178 2288 his
1202 2225 1296 2288 esset
1324 2231 1426 2287 anas

263 2317 379 2418 logia,
420 2319 556 2394 discant
592 2318 751 2402 debuisse
785 2345 905 2393 omues
937 2321 1134 2398 nominatus
1169 2330 1203 2390 et
1236 2319 1401 2391 articulos

262 2418 390 2494 babere
423 2422 567 2496 totidem
601 2447 725 2496 casus:
765 2446 860 2494 nuuc
888 2421 975 2494 alios
999 2418 1128 2494 babere
1155 2446 1264 2492 uuum
1287 2421 1399 2493 solun

260 2533 300 2594 nt
332 2523 450 2596 literas
483 2519 637 2624 singulas
668 2549 812 2618 omnes,
860 2509 946 2596 alios
978 2524 1042 2596 tris
1073 2532 1112 2594 ut
1145 2520 1400 2620 praedium,

263 2623 461 2720 praedii,
496 2623 707 2724 praedio3
737 2625 830 2698 'alios
855 2635 1019 2724 quattuor
1040 2636 1081 2697 ut
1103 2623 1203 2718 mel,
1231 2625 1398 2716 mellis,

374 2823 426 2888 61.
460 2836 598 2908 deantur]
617 2839 744 2892 &cuntur
762 2841 793 2894 F.
943 2838 1111 2892 'aeditumus
1134 2847 1191 2896 est,
1216 2857 1265 2891 cur
1286 2858 1344 2892 non
1367 2839 1398 2891 ud
1424 2825 1425 2890 l

259 2907 332 2960 atrio
350 2918 377 2960 et
395 2907 518 2975 ruendoq
537 2926 588 2964 om.
608 2912 703 2977 codd,
730 2912 779 2966 uisi
804 2910 875 2979 quod
900 2929 948 2964 cur
972 2915 999 2965 iu
1016 2911 1075 2966 ΕΗ.
1100 2927 1152 2966 uon
1170 2910 1280 2965 traditur
1298 2912 1398 2967 deesse.

260 2979 423 3034 Addiderunt
440 2981 657 3050 interpolatores,
676 2989 703 3036 et
720 2984 813 3036 melius
831 2983 935 3050 quidem
952 2985 979 3036 in
997 2982 1055 3036 cod.
1071 2983 1121 3049 B.,
1139 2983 1185 3036 ubi
1202 3001 1255 3034 non
1271 2991 1336 3052 post
1352 3003 1399 3036 cur

258 3053 384 3120 scriptum
398 3059 454 3118 est,
470 3064 548 3120 quam
563 3055 591 3108 in
606 3055 715 3121 Aldina,
730 3071 805 3123 qnae·
816 3073 868 3106 non
887 3053 965 3108 babet
983 3061 1043 3124 post
1059 3054 1167 3108 tuendo.
1205 3054 1274 3107 Nam
1287 3059 1397 3124 primum

262 3140 313 3172 cur
329 3141 382 3174 non
400 3125 476 3176 etiam
495 3141 573 3194 snpra
592 3127 777 3194 iniungitur,
802 3133 829 3179 et
847 3125 954 3193 deiude,
982 3128 1005 3186 si
1022 3144 1075 3177 non
1091 3126 1184 3179 suisset
1206 3133 1267 3194 post
1289 3127 1397 3193 tusum,

260 3192 288 3246 id
313 3209 365 3246 nou
390 3201 459 3248 esset
483 3198 620 3264 ominum,
646 3214 705 3252 cum
732 3199 829 3252 librarii
853 3199 943 3252 cordus
967 3215 983 3250 a
1005 3199 1088 3266 primo
1112 3196 1144 3251 ad
1169 3199 1279 3250 alterum
1297 3199 1397 3252 tuenda

258 3264 426 3318 aberraverit.
463 3262 586 3321 Ceterum
603 3269 757 3322 <rediimus
775 3269 883 3338 scripsi,
906 3286 957 3324 uon
976 3267 1117 3328 aedituus,
1144 3275 1174 3321 ut
1189 3270 1396 3338 interpolatores,

259 3341 369 3405 propter
387 3334 543 3391 arritumus.
580 3339 620 3392 Cf.
639 3357 696 3394 auu.
715 3340 748 3394 ad
767 3341 826 3406 VII,
845 3343 888 3394 12.
1002 3339 1162 3405 atritumas]
1181 3341 1280 3409 scripsi.
1319 3351 1396 3393 atru—
1423 3401 1424 3404 Ἴ

258 3415 352 3458 tumus
370 3407 427 3460 FG.
463 3425 482 3458 a
500 3418 639 3462 tortuosus
656 3412 691 3465 H.
728 3420 755 3463 α’
769 3419 909 3464 tractamus
926 3427 951 3462 a.
1067 3410 1218 3480 capiundis]
1230 3415 1266 3467 G.
1289 3413 1394 3484 capiere·
1421 3413 1424 3448 l

260 3477 302 3528 dis
320 3484 381 3531 cett.
397 3484 509 3547 utroque
526 3482 593 3534 loco.
706 3481 844 3552 piscipem]
864 3481 943 3540 codd,
971 3479 1136 3550 piscicupem
1155 3499 1197 3550 vg.
1233 3483 1316 3536 Nolui
1334 3483 1394 3538 illud
1423 3491 1424 3499 ’

259 3554 377 3615 mutare,
394 3551 455 3619 qnia
469 3552 551 3606 Varro
570 3555 675 3620 linguae
691 3555 801 3608 Latinae
820 3554 1029 3607 consuetudinem
1048 3554 1198 3606 observasse
1217 3561 1330 3623 poterat,
1349 3571 1394 3623 qua

258 3627 367 3688 propter
391 3621 505 3676 eiusdem
530 3625 693 3677 consonantis
717 3626 880 3679 iterationem
898 3641 977 3694 saepe
1001 3624 1101 3690 syllaba
1126 3625 1259 3678 interiecta
1285 3627 1393 3680 eliditur.

259 3693 307 3743 Sic
325 3692 480 3760 stipendium
498 3694 594 3749 iactum
613 3711 647 3749 ex
665 3697 821 3766 slipipeudio
847 3703 925 3763 atque
949 3695 1125 3765 limitropbus,
1150 3695 1257 3762 bybn'da
1273 3714 1341 3764 rox,
1364 3713 1392 3750 er

258 3762 459 3833 limititropbus3
482 3766 520 3817 sic
537 3767 606 3820 iacta
624 3769 764 3837 temperint
779 3768 944 3835 verberitque
962 3784 996 3821 ex
1014 3763 1182 3836 temperarint
1199 3776 1228 3822 ct
1245 3771 1392 3832 verberarit,

260 3840 288 3887 et
297 3837 403 3904 scripse
421 3839 622 3909 exscripsisse,
648 3846 676 3893 et
694 3838 839 3892 huiusmodi
857 3842 943 3893 multa.

295 3919 331 4024 i,
372 3937 425 4005 62.
454 3939 599 4024 signanus
616 3973 669 4008 non
687 3954 751 4026 aaa]
768 3975 820 4008 non
838 3953 983 4028 signans
1002 3951 1054 4006 aa
1072 3956 1106 4010 c.

321 4056 355 4128 Ἰ,
371 4053 423 4118 63.
450 4067 557 4140 discum
570 4069 703 4138 debuisse]
716 4073 816 4144 scripsi.
844 4071 936 4124 dicunt
953 4071 1050 4122 derine
1063 4071 1138 4126 codd.
1170 4072 1263 4126 dicunt
1277 4071 1392 4124 &baisse
1422 4043 1423 4061 l

261 4153 304 4205 vg.
333 4137 550 4196 mMmsensum
575 4144 633 4196 loci.
681 4143 748 4216 Nam
773 4143 836 4197 baec
860 4159 911 4197 non
937 4141 1093 4196 Aristarchei
1118 4145 1219 4212 dicant,
1246 4147 1293 4199 sed
1312 4147 1390 4199 Varro

261 4215 351 4263 contra
378 4211 558 4267 Aristarcheos
586 4229 620 4268 ex
647 4222 733 4270 mente
758 4216 937 4269 Crateteorum
963 4215 1105 4284 disputans.
1154 4217 1185 4269 V.
1206 4221 1389 4285 Argumentum

261 4281 384 4334 librorum
402 4281 474 4334 VHI.
493 4289 520 4336 et
536 4283 583 4338 IX.
745 4286 909 4355 cassinatus]
927 4287 993 4341 coni.
1011 4288 1175 4356 Spengelins.
1218 4287 1389 4344 nominativos

262 4351 336 4406 codd.
365 4350 461 4406 sedda
479 4369 502 4406 a.
529 4355 590 4410 nibil
608 4363 723 4412 acutum
742 4366 790 4414 est·
953 4357 1108 4427 praedium.
1131 4358 1251 4428 praedii,
1271 4357 1389 4430 praedio]

623 4539 631 4570 i
