2890 4820
267 314 380 367 xxxlv
635 261 644 278 ¹
691 313 972 360 enarrarre

270 479 482 550 conditionem
504 470 677 544 studiosius
698 469 873 560 inquirent,
895 471 990 538 etiam
1012 470 1073 536 bac
1095 471 1180 537 brevi
1201 471 1405 538 annotatione

269 569 372 635 nodos
410 562 567 652 quosdam
603 558 722 624 solutos
758 573 791 623 et
826 557 931 644 capita
967 556 1114 622 nonnulla
1146 557 1188 622 ad
1221 556 1405 644 ampliorem

268 653 490 722 tractationem
526 654 716 736 praeparata
760 641 926 709 inveniant.
1008 643 1060 706 En
1097 640 1224 708 Adriani
1260 640 1406 706 'Purnebi

269 737 465 805 Adversariis
498 746 532 800 et
564 729 707 796 eiusdem
740 728 973 794 commentariis
1006 740 1039 792 et
1068 728 1343 794 emendationibus
1375 727 1405 788 in

268 825 364 890 libros
391 823 436 888 M.
457 820 496 887 V.
520 816 564 882 de
590 817 628 882 1..
651 815 707 888 ha,
740 835 822 878 anno
850 812 1026 880 MDLXVI
1056 827 1128 900 post
1149 814 1252 917 patris
1283 814 1404 880 obitum

268 913 309 976 ab
331 906 462 975 Odone
478 902 541 968 lilio
570 900 680 978 editis,
709 899 823 988 quibus
844 899 980 986 iniquius
1004 898 1158 984 Stephani
1183 899 1337 964 iudicium
1362 899 1405 961 ita

268 995 416 1062 nocuisse
444 989 567 1057 ridetur
600 997 636 1053 ut
665 986 861 1051 recentiores
892 986 929 1051 iis
957 985 1059 1049 rarius
1091 998 1271 1066 uterentur,
1309 995 1406 1071 atque

268 1104 308 1147 ex
352 1076 510 1180 Scaligeri
551 1083 584 1138 et
624 1071 769 1159 Popmae
808 1069 1014 1136 adnotatione
1053 1068 1213 1136 utilissima
1256 1091 1406 1157 quaeque

268 1165 473 1254 deprompsi,
516 1159 672 1247 pleraque
704 1155 895 1243 largioribus
933 1158 1165 1222 commentariis
1199 1154 1406 1242 relinquenda

268 1250 351 1317 duxi.
394 1249 510 1335 Neque
532 1256 657 1324 tamen,
679 1242 801 1308 etiamsi
817 1241 950 1330 amplius
970 1265 1051 1329 opus
1072 1241 1274 1308 condendum
1295 1263 1404 1307 susce-

289 1338 401 1414 issem,
431 1329 636 1418 recoquenda
663 1337 823 1416 putassem
846 1327 969 1394 omnia:
997 1349 1131 1414 quorum
1156 1329 1290 1393 maxima
1314 1337 1405 1414 parte
1441 1361 1442 1366 κ

265 1419 451 1488 iamdudum
473 1417 505 1482 in
531 1415 632 1480 lexica
654 1424 686 1479 et
707 1412 821 1478 similes
848 1412 943 1479 libros
966 1413 1065 1479 relata
1086 1413 1183 1480 multo
1206 1411 1405 1480 commodius
1440 1425 1442 1470 ἐ

266 1504 473 1574 nuncutitur
500 1499 588 1565 natio
616 1497 860 1586 philologorum.
912 1499 1050 1564 Omnino
1071 1498 1188 1565 inhoc
1212 1498 1405 1586 philologiae

266 1605 352 1660 statu
387 1588 456 1653 vela
491 1583 710 1650 contrahenda
743 1595 776 1650 et
808 1583 949 1649 sarcinas
984 1583 1178 1651 abiiciendas
1214 1585 1404 1661 censuerim,

265 1689 303 1744 ut
324 1673 504 1762 expeditius
528 1669 569 1734 ad
597 1669 629 1734 id
659 1692 722 1756 quo
750 1669 851 1734 omnis
882 1680 991 1744 nostra
1017 1669 1162 1736 doctrina
1186 1681 1328 1758 spectat,
1358 1670 1404 1735 in·
1439 1649 1442 1704 l

214 1785 217 1793 ·
266 1762 416 1832 teriorem
438 1758 597 1822 humanae
618 1755 731 1821 mentis
751 1755 933 1832 scientiam,
955 1754 1138 1821 tendamus:
1161 1757 1207 1822 sin
1228 1778 1286 1844 per
1312 1756 1405 1832 imus,

266 1859 304 1914 ut
331 1844 418 1911 multi
446 1842 650 1928 inceperunt,
679 1852 839 1907 mercatus
860 1838 1034 1926 Lipsiensis
1063 1863 1243 1908 assessores
1271 1771 1404 1942 philolo-

267 1934 405 2021 giaeque
438 1948 619 2014 caupones,
656 1947 769 1991 vereor
799 1947 840 1990 ne
869 1924 1021 2013 quidquid
1058 1925 1176 1995 altioris
1210 1927 1339 2015 spiritus
1374 1928 1403 1990 in

266 2016 450 2108 pectoribus
479 2009 728 2101 magistellorum
754 2008 893 2093 resedit,
923 2011 1046 2097 ingenti
1071 2013 1153 2078 mole
1177 2013 1402 2102 superingesto
1440 2077 1442 2100 2

211 2147 212 2153 κ
266 2104 360 2193 plane
382 2101 567 2168 suffocetur.

373 2273 421 2338 Ab
443 2267 637 2354 exagitando
654 2268 816 2342 Varrone,
846 2288 909 2353 qua
930 2265 961 2332 in
983 2287 1020 2332 re
1040 2267 1158 2336 multus
1176 2278 1226 2336 est
1243 2268 1402 2356 Scaliger,
1441 2247 1442 2310 l

268 2357 360 2448 plane
389 2355 545 2423 abstinui:
580 2352 776 2442 etymologia
800 2351 917 2418 Latina
946 2351 1040 2418 alium
1068 2354 1128 2422 sibi
1156 2365 1189 2420 et
1216 2353 1402 2443 ampliorem

268 2445 365 2512 multo
393 2463 541 2530 campum
568 2438 703 2526 flagitat.
748 2439 938 2504 Sermonem
960 2451 1068 2506 autem
1092 2439 1243 2504 Varronis
1268 2463 1307 2505 ex
1330 2442 1402 2529 ipso
1434 2433 1441 2496 l

265 2532 329 2598 hoc
356 2528 398 2594 de
424 2529 464 2594 L.
479 2527 519 2592 L.
545 2547 645 2612 opere
665 2521 842 2590 addiscere
868 2522 991 2603 studui,
1023 2547 1063 2590 ne
1091 2526 1175 2592 libris
1203 2525 1331 2612 quidem
1362 2528 1403 2592 de
1440 2521 1441 2528 '

266 2616 318 2682 Ro
338 2612 477 2680 Rustica
496 2612 544 2676 sic
569 2620 605 2675 ut
633 2630 771 2695 aequum
796 2618 865 2674 erat
887 2610 1095 2696 comparatis,
1126 2611 1245 2699 quippe
1265 2634 1402 2699 qnorum

266 2701 370 2766 forma
398 2719 462 2784 quo
490 2691 697 2762 fundamento
722 2693 898 2776 niteretur,
930 2716 993 2759 non
1022 2697 1154 2785 perinde
1177 2719 1402 2783 cognoveram.

264 2787 339 2860 Qua
365 2784 397 2848 iu
424 2803 477 2860 re,
514 2781 541 2846 si
568 2781 623 2868 qui
651 2777 756 2867 potius
783 2790 1012 2866 praeceptores
1039 2795 1113 2849 sunt
1135 2803 1229 2871 quam
1254 2782 1402 2852 historio-

291 2870 380 2959 raphi
408 2867 538 2955 liuguae
554 2865 715 2948 Latinae,
746 2862 786 2943 ii,
820 2885 1018 2954 magnopere
1045 2889 1175 2948 vereor,
1206 2891 1248 2933 ue
1274 2891 1327 2936 me
1355 2871 1401 2934 in-

264 2893 449 3043 diligentiae
473 2955 620 3019 iucusent
646 2950 678 3016 iu
702 2948 851 3016 Varronis
878 2950 949 3016 stilo
976 2953 1174 3040 refingendo.
1226 2954 1301 3020 Mihi
1328 2968 1403 3042 post

266 3043 369 3108 sontes
397 3039 575 3127 scripturae
603 3035 795 3103 examinatos
815 3035 948 3102 Varroni
977 3037 1075 3106 multa
1098 3039 1304 3108 concedenda
1328 3053 1402 3108 esse
1439 3059 1440 3063 ’

266 3126 470 3204 videbantur,
498 3146 599 3213 quae,
628 3121 764 3189 sicsine
787 3121 976 3188 necessitate
999 3137 1170 3212 usurpata,
1199 3149 1218 3190 a
1240 3127 1402 3192 Cicerone

265 3208 478 3278 abiudicanda
501 3220 617 3274 esseut.
661 3209 825 3284 Quantum
846 3205 968 3274 licuerit
988 3209 1122 3276 Varroni
1144 3212 1265 3278 variare
1286 3213 1401 3280 modos

265 3309 299 3366 et
327 3308 490 3383 tempora,
529 3291 701 3361 ostendunt
732 3302 882 3360 annotata
920 3292 961 3358 ad
990 3294 1053 3376 VI,
1074 3298 1146 3378 823
1184 3308 1336 3385 quantum
1371 3302 1401 3364 in

264 3383 407 3472 personis
431 3378 535 3456 verbi,
561 3378 744 3464 intelligitur
765 3401 805 3444 ex
825 3376 903 3444 locis
924 3379 1120 3449 huiusmodi:
1148 3383 1213 3464 IX,
1233 3385 1283 3449 15.
1306 3395 1341 3448 et
1365 3385 1402 3449 di

288 3470 327 3533 ui
347 3473 475 3556 pueros
498 3463 535 3527 in
561 3463 684 3526 ludum
704 3464 872 3540 mittunt,
902 3462 1010 3529 iidem
1030 3465 1191 3536 barbatos
1217 3491 1285 3532 aon
1305 3469 1401 3534 doce-

265 3493 394 3633 limen
416 3551 448 3616 in
470 3547 644 3638 generibus
666 3546 771 3627 verbi,
798 3569 839 3613 ex
860 3547 910 3628 X,
932 3549 983 3615 16.
1004 3549 1160 3639 corrserri
1179 3577 1246 3617 non
1267 3565 1403 3638 oportet

265 3659 308 3701 no
328 3639 450 3702 elicere.
493 3634 567 3700 Non
589 3631 723 3698 offendit
743 3631 775 3696 in
795 3632 941 3698 Varrone
961 3633 1072 3702 durior
1092 3660 1222 3704 casuum
1243 3637 1401 3718 iunctura,

265 3733 302 3786 ut
327 3721 426 3787 haec:
456 3720 520 3800 IX,
541 3722 572 3786 7.
597 3741 686 3806 quae
711 3728 860 3803 possunt
884 3716 958 3783 diei
980 3733 1085 3810 atque
1103 3723 1184 3788 illie
1209 3725 1401 3812 praetoriis

265 3829 372 3894 neque
399 3806 549 3874 transitus
583 3825 622 3870 eu
656 3802 800 3870 oratione
832 3814 923 3870 recta
959 3804 991 3869 in
1021 3807 1182 3895 obliquam
1217 3809 1264 3894 (v.
1294 3821 1402 3874 annot.

266 3891 309 3957 ad
336 3893 376 3972 V,
396 3890 486 3975 34),
517 3901 572 3956 aut
593 3911 633 3955 ex
651 3889 783 3976 obliqua
809 3887 841 3953 in
867 3902 989 3957 rectam
1018 3894 1127 3978 (cuius
1148 3893 1329 3981 ¹enemplnm
1353 3906 1403 3960 est

265 3977 331 4057 IX,
353 3975 442 4062 tu),
473 3984 524 4054 et,
558 3997 717 4062 quaeres
745 3973 833 4061 apud
861 3996 933 4042 eum
963 3999 1036 4043 cum
1062 3978 1114 4044 illa
1143 3978 1401 4046 coniunctissima

266 4073 333 4142 est,
357 4085 397 4127 ex
419 4059 608 4128 nominativo
619 4061 657 4126 in
680 4060 894 4128 accusativum
918 4063 964 4148 (v.
981 4085 1052 4128 ann.
1068 4063 1110 4129 ad
1129 4065 1169 4143 V,
1183 4065 1272 4150 37.),
1296 4085 1337 4128 ne
1362 4087 1402 4129 ue

266 4147 437 4215 accusativi
468 4169 541 4214 cum
567 4145 720 4214 infinitivo
748 4148 893 4236 suspensi
920 4171 940 4213 a
971 4172 1016 4214 vv.
1044 4159 1085 4212 ut
1109 4161 1242 4236 putant
1270 4150 1329 4235 (V,
1395 4200 1402 4213 .

265 4236 331 4308 lx,
351 4234 433 4324 74).
493 4232 722 4299 Nominatuum
752 4249 875 4320 genera
904 4247 937 4301 et
966 4235 1087 4299 numeri
1117 4234 1272 4322 inaequali
1303 4235 1401 4300 mode

266 4314 350 4408 πρὸς
383 4314 422 4388 τὸ
461 4311 717 4406 σημαινόμενον
752 4331 996 4397 construuntur,
1037 4330 1072 4386 ut
1106 4321 1150 4399 V,
1177 4322 1231 4386 88.
1270 4319 1319 4393 X,
1348 4323 1401 4385 62.

267 4405 507 4474 Structurarum
529 4403 706 4472 confusioni
728 4405 918 4473 accensendi
940 4417 1034 4473 erunt
1055 4406 1114 4472 loci
1138 4404 1229 4472 buius
1251 4407 1400 4490 generis:
