2866 4812
1088 64 1097 92 Ι

436 237 480 352 §7
510 250 559 322 27
582 253 717 321 -31·
803 329 806 342 ὅ
1083 239 1157 317 151
1262 301 1268 312 .

139 431 354 504 Ridiculum
374 441 448 518 est,
483 452 565 498 cum
589 440 624 496 te
647 426 803 498 Cascam
829 441 894 499 tua
914 431 1003 501 elicit
1026 433 1161 520 amica,

191 534 268 604 Fili
294 533 450 619 Potoni,
483 531 717 624 sesquisenex
740 554 910 624 puerum.

140 637 238 716 Dice
265 639 402 716 ittam*
419 666 579 736 pusam3
613 644 666 712 sic
685 641 757 734 fiet
783 657 911 714 mutua
937 645 1048 740 muli3
1172 684 1220 728 517

179 749 293 817 tNam
316 771 402 818 aere
417 769 539 841 pasus
563 756 621 826 tu,
658 758 723 814 tua
744 749 865 816 amica
890 773 1011 830 senex.
1080 754 1081 760 ’
1172 741 1224 752 ’-

39 863 98 939 29.
137 859 227 940 Item
254 865 406 940 ostendit
437 863 531 961 quod
564 861 730 960 oppidum
755 866 1234 964 vocatur‘Gasinnm3ffl)

39 969 96 1042 boc
121 972 213 1041 enim
239 968 282 1040 ab
309 967 451 1041 Sabinis
478 967 546 1038 orti
572 965 747 1038 Samnites
769 978 974 1061 tenuerunt,
1009 982 1044 1042 et
1068 997 1163 1042 nunc

38 1074 136 1142 nostri
156 1073 259 1144 etiarn
280 1095 373 1142 nuno
395 1067 561 1139 Casinum
583 1067 698 1139 forum
719 1078 819 1139 vetus
843 1070 1029 1167 appellant.
1048 1107 1050 1116 ⁴
1073 1073 1164 1144 Item

38 1173 225 1270 significant
253 1175 295 1248 in
322 1167 501 1242 Atellanis
532 1169 664 1266 aliquot
698 1170 862 1268 Pappum
888 1197 1025 1266 senem,
1070 1175 1224 1272 quodem

39 1273 113 1347 Osci
145 1300 309 1348 casnar
341 1271 548 1371 appellant.
576 1323 585 1341 .
612 1324 622 1344 .
649 1323 659 1342 .
1009 1277 1011 1282 ’
1175 1269 1227 1280 ”“

127 1479 200 1552 50.
243 1441 355 1578 Apud
387 1475 585 1548 Lucilium:

142 1586 246 1692 Quid
272 1601 337 1670 tibi
368 1625 435 1692 ega
462 1585 637 1692 ambages
660 1595 811 1670 Amitae·
837 1600 999 1672 scribere
1022 1601 1163 1673 coner?
1172 1623 1207 1672 or

39 1720 233 1896 Progectum
259 1745 280 1790 a
303 1718 411 1792 verbo
436 1716 578 1810 ambe,
616 1714 710 1814 quod
741 1716 831 1792 inest
864 1721 901 1791 in
930 1719 1098 1794 ambitu
1129 1732 1165 1794 et

40 1847 89 1894 am
129 1825 289 1895 itioso.

126 1941 195 2018 51.
239 1941 351 2041 Apud
376 1942 557 2014 Valerium
580 1939 776 2015 Soranum:

107 2145 111 2152 ,
278 2071 380 2130 vetus
406 2057 544 2150 adagio
571 2069 643 2145 est,
680 2081 700 2124 o
731 2059 775 2126 P.
794 2056 939 2149 Scipio3

39 2165 124 2258 quod
153 2162 301 2237 verbum
333 2191 444 2262 usque
472 2190 518 2264 ¹co
550 2168 709 2257 evanuit,
746 2178 785 2237 ut
815 2163 990 2239 Graecum
1024 2191 1088 2264 pro
1122 2189 1164 2238 eo

39 2269 177 2360 positum
204 2270 315 2366 magis
342 2269 388 2338 sit
410 2277 567 2364 apertum
580 2294 592 2359 3
620 2293 701 2338 nam
723 2267 815 2340 idem
840 2265 1010 2366 estquod
1034 2293 1166 2372 παροι.

39 2369 119 2460 μίαν
141 2380 269 2442 vocant
294 2367 445 2459 Graeci,
484 2376 524 2438 ut
546 2377 620 2438 est:

191 2480 362 2554 Auribus
388 2481 515 2573 lupum
540 2493 656 2550 tenco.
1171 2509 1223 2580 s—rg

198 2579 312 2653 Canis
337 2584 512 2653 caninam
535 2608 610 2653 non
634 2596 698 2664 est.

38 2773 112 2832 verat,
128 2787 149 2837 p.
159 2773 223 2820 602.
237 2769 268 2822 P.
384 2767 482 2836 amica]
502 2768 665 2822 scribendum
680 2785 738 2822 esse
755 2770 937 2822 intellexerunt
953 2769 1168 2838 interpolatores„

40 2837 110 2888 amici
125 2840 197 2892 codd.
282 2856 286 2861 ’
312 2839 493 2911 sesquisenex]
511 2841 657 2908 Turnebus,
675 2843 789 2908 itemquo
807 2858 847 2906 a,
866 2844 914 2894 uisi
932 2842 1001 2908 quod
1019 2843 1060 2895 bic
1080 2846 1164 2898 codex

40 2925 74 2958 ses
90 2913 209 2976 syllabam
228 2911 323 2962 nomini
336 2911 431 2978 petoni
450 2912 573 2978 adiungit.
610 2922 651 2963 est
670 2913 716 2982 qui
733 2931 811 2963 senex
831 2913 904 2982 (post
919 2913 1040 2980 potonis)
1049 2915 1078 2966 F.
1117 2917 1165 2985 qui

41 2981 160 3050 δέημα
174 2982 328 3050 potonises)
345 2984 378 3034 G.
415 2999 451 3034 es.
469 2982 515 3053 qui
535 2999 614 3033 senex
641 2983 676 3034 H.
712 3001 740 3032 es
757 2983 804 3053 qui
821 3001 901 3034 senex
916 2985 989 3050 (post
1001 2984 1119 3052 pesinis)
1137 2988 1163 3038 b.

40 3049 99 3100 Dice
111 3054 194 3104 itam*
206 3054 316 3121 pnsum]
325 3055 482 3122 coniposui,
496 3070 577 3122 prope
590 3060 695 3107 secutus
710 3054 870 3119 Turnebum,
888 3057 931 3122 qui
945 3057 971 3106 in
987 3054 1163 3108 Adversariis:

40 3121 88 3172 Dic
111 3134 140 3175 tu
162 3125 241 3175 illam
260 3143 366 3192 pusam.
413 3125 477 3174 dicit
497 3124 553 3191 (dic
570 3124 610 3191 b.)
631 3143 745 3193 purum,
767 3125 887 3192 patellam
903 3143 1000 3192 pusam
1019 3127 1109 3192 codd.;
1137 3131 1164 3180 in

42 3194 126 3255 quibus
140 3199 270 3263 glossema
288 3197 427 3248 conflatum
445 3213 503 3248 esse
521 3197 624 3248 videtur
641 3213 699 3248 curn
718 3197 829 3261 genuina
847 3198 967 3251 lectione.
993 3198 1025 3250 cl.
1039 3201 1163 3266 Spengel.

40 3264 139 3327 nxtl.
286 3277 383 3318 mutua
401 3267 477 3332 mule]
496 3266 681 3334 Pantagathus.
723 3276 846 3317 mutuam
864 3269 944 3334 muli,
969 3270 1089 3321 adiuncto
1107 3287 1162 3336 seq.
1236 3261 1239 3268 ¹

42 3351 106 3394 nam,
124 3339 192 3407 cedd.
229 3339 360 3390 Mutuum
379 3339 445 3390 muli
463 3337 592 3404 scabunt,
615 3340 765 3406 inscriptum
782 3347 838 3392 erat
859 3341 1012 3408 Menippeas
1030 3342 1163 3394 Varronis.

145 3439 191 3504 29.
218 3462 244 3503 et
263 3453 343 3522 nunc]
357 3473 428 3505 nunc
446 3454 583 3507 delendum
601 3458 676 3523 putat
693 3455 817 3523 Spengel.
854 3455 983 3522 Equidem
1001 3455 1164 3520 crediderim,

42 3520 169 3578 Varronen
189 3526 227 3577 sic
246 3527 315 3591 loqui
334 3528 458 3594 potuisse.
597 3527 722 3578 Casinum
734 3527 841 3599 faram]
862 3527 988 3578 Casinum
1013 3543 1064 3578 orn.
1083 3527 1162 3578 GHb.

43 3591 68 3641 in
83 3595 226 3660 Atellanis]
245 3597 330 3649 Bothe
348 3599 380 3649 Ρ.
400 3599 443 3650 Sc.
459 3597 491 3649 L.
509 3597 543 3661 V,
561 3595 595 3650 ll.
615 3616 641 3666 p.
652 3603 714 3651 276.
895 3597 1046 3666 appellant]
1065 3599 1164 3650 Deesse

43 3667 162 3728 quaedam
178 3674 298 3735 apertum
322 3675 369 3720 est.
414 3669 493 3720 Certe
515 3671 596 3720 semel
620 3671 718 3722 excidit
743 3683 846 3733 cascar,
873 3670 923 3720 ita:
952 3667 1109 3738 significant
1133 3669 1164 3720 in

42 3735 175 3788 Atellanis
186 3737 293 3809 aliquot
311 3742 435 3806 Pappum
454 3743 597 3790 Casuarenr
615 3741 663 3807 (ci.
682 3747 813 3792 casnares'
825 3740 893 3807 apud
911 3740 1068 3805 Varronem,
1093 3739 1162 3793 Nou.
1185 3781 1186 3788 .
1294 3773 1299 3798 t

43 3822 65 3871 p.
77 3811 119 3860 86.
138 3809 273 3878 Macen),
297 3828 384 3861 senem
403 3810 474 3880 quod
499 3811 561 3860 Osci
579 3828 676 3874 casnar
694 3811 842 3880 appellant.
955 3814 1059 3862 Parum
1082 3811 1163 3876 deest,

43 3877 65 3928 iu
81 3880 140 3933 cod.
159 3880 182 3932 B
201 3882 357 3952 adscriptum
376 3889 432 3946 est3
455 3883 481 3934 in
498 3883 646 3952 melioribus
664 3883 735 3936 libris
752 3885 850 3935 nullum
872 3883 979 3940 lacunae
996 3881 1126 3936 indicium.

149 3982 194 4048 30
210 3995 368 4066 Antiana.
383 3998 444 4050 ab.
460 3999 609 4051 utvidetur.
647 3997 737 4048 amour
749 3997 811 4051 aa.
853 3993 912 4047 auu
932 4015 955 4052 a.
991 3997 1036 4050 ne·
1045 3997 1164 4050 Ambivio

45 4067 175 4138 Turpione
193 4069 253 4136 bqui
268 4070 371 4122 videtur
388 4070 519 4134 Lucilius,
539 4077 565 4122 et
582 4071 672 4122 ludere
690 4071 716 4122 in
733 4070 845 4122 nomine.
960 4067 1046 4133 ambe]
1060 4071 1163 4136 scripsit

45 4141 141 4208 Varro,
160 4146 271 4208 nitate,
295 4158 354 4210 cum
371 4143 397 4192 in
416 4143 602 4209 compositione
620 4144 654 4195 sit
671 4142 822 4205 ambivium,
838 4147 868 4192 ut
882 4140 995 4193 antideo.
1023 4141 1064 4192 Cf.
1082 4143 1107 4204 ς.
1120 4145 1163 4192 43.

154 4240 236 4324 31η]
245 4261 295 4312 Ga.
314 4273 365 4310 om.
377 4263 437 4310 cett.
510 4255 579 4308 idem
593 4259 644 4325 est]
659 4267 700 4309 est
713 4259 778 4310 coni.
789 4257 883 4323 addidi,
899 4274 958 4310 cum
970 4261 1089 4308 notarum
1104 4251 1166 4307 con-

45 4325 142 4381 fusione
162 4327 225 4380 facil
241 4330 356 4400 potnerit
373 4328 513 4382 obscurari.
630 4328 709 4382 Canis
725 4328 849 4381 caninam
862 4348 914 4381 non
928 4329 981 4396 est]
997 4327 1039 4384 Ex
1050 4329 1168 4382 Varrone

756 4426 813 4490 9.
