2866 4812
257 271 336 349 186
643 301 764 346 erosa
799 299 1029 361 octavus„

259 465 457 560 diceretur,
504 487 569 536 nec
606 487 678 533 nou
711 472 750 533 ut
789 458 1065 558 quadrigae,
1111 456 1293 557 trigae,
1340 464 1393 532 sic

142 575 144 580 '
257 569 373 670 potius
410 566 535 684 duigae
574 587 678 662 quam
709 560 856 661 bigae.
920 559 1100 632 Permulta
1132 571 1213 632 suut
1244 559 1396 634 huiusce

259 671 418 768 generis,
462 691 551 765 quae
586 664 749 763 quonism
791 663 986 736 admonitus
1022 661 1217 761 perspicere
1254 674 1393 756 potest,

196 776 247 852 51
259 773 391 843 omitto.
507 765 575 840 56.
605 763 787 840 voeabula
812 789 901 862 quae
926 761 971 835 ab
995 761 1193 836 nominihus
1215 766 1393 856 oriuntur,

261 865 293 946 si
313 870 358 944 oli
382 869 552 942 similibus
573 866 771 941 nominibus
795 865 919 938 similia
942 891 1018 937 csse
1043 865 1190 958 debent,
1218 865 1395 958 dicemus,

259 975 421 1071 quoniam
448 971 584 1072 gemina
608 981 690 1042 suut
711 970 860 1060 Parma,
890 963 1007 1059 Alba,
1035 968 1168 1059 Roma,
1201 966 1256 1038 ut*
1283 968 1395 1039 Par-

223 1077 231 1144 ἶ
262 1099 457 1166 menses,
488 1069 698 1165 *attenua
733 1069 963 1162 Romenses*3
998 1080 1059 1140 aut
1080 1070 1241 1168 quoniam
1268 1081 1323 1140 est
1349 1073 1396 1140 si-

185 1175 354 1273 ,as-omilis
389 1173 526 1266 Roma',
569 1173 685 1265 Nola,
708 1173 877 1264 Parma,
916 1169 1073 1242 dicemus
1107 1179 1147 1244 ut
1178 1170 1394 1262 Romani,

259 1276 408 1368 Nolani,
436 1279 487 1348 sic
507 1275 695 1349 Parmani:
714 1285 770 1354 xet
793 1273 848 1347 ut*
871 1285 892 1344 a
911 1273 1107 1371 Pergamo,
1136 1269 1273 1372 ab01lio
1297 1275 1395 1343 simi-

259 1379 360 1472 liter,
394 1380 654 1477 Pergamenus,
689 1375 842 1470 llieuus3
886 1385 946 1446 out
975 1385 1015 1446 ut
1038 1373 1140 1445 llius*
1166 1384 1200 1444 et
1221 1374 1290 1445 Ilia
1316 1401 1394 1446 mas

258 1492 293 1553 et
324 1481 474 1571 lamina,
513 1481 565 1554 sic
597 1477 792 1578 Pergamus
823 1487 858 1549 et
889 1477 1063 1574 Pergama
1095 1477 1150 1547 uir
1181 1485 1215 1548 ot
1249 1476 1393 1548 mulier.

257 1583 309 1654 Et
328 1585 490 1679 quoniam
516 1580 641 1653 similia
666 1581 805 1653 uomina
832 1588 914 1649 sunt
938 1573 1048 1670 Asia,
1073 1574 1206 1676 Libya,
1235 1577 1395 1650 dicemus

257 1679 437 1756 Asiaticos
469 1694 503 1754 et
535 1679 739 1780 Libyaticos
764 1680 934 1754 homines.

193 1801 251 1882 3'2
360 1807 429 1882 57.
468 1809 570 1901 Quae
594 1807 765 1883 vocabula
787 1808 951 1880 dicuntur
975 1834 996 1879 a
1022 1805 1166 1901 verbis*,
1193 1819 1232 1880 ut
1257 1835 1278 1880 a
1306 1814 1393 1883 scri-

175 1995 180 2006 ,
258 1910 372 1984 hendo
398 1913 618 2010 scriptor,
647 1937 668 1985 a
689 1909 836 2010 legendo
859 1908 1026 2002 lector,
1049 1907 1135 1982 haec
1159 1937 1299 2009 quoque
1322 1939 1392 1986 nou

141 2017 160 2061 '·
208 2029 211 2037 ’
257 2039 395 2086 servare
416 2013 672 2086 similitudinem
698 2012 779 2085 lieet
804 2010 921 2083 videre
946 2037 989 2084 ex
1013 2010 1089 2082 his:
1126 2038 1204 2084 cum
1233 2013 1392 2086 similiter

89 2121 92 2129 ’
194 2114 392 2196 medicatur
416 2128 455 2187 ut
479 2114 523 2187 ab
549 2114 697 2188 amando
722 2125 909 2206 amator,
938 2125 974 2186 et
996 2111 1039 2183 ab
1067 2112 1249 2188 salutando
1274 2116 1392 2186 salu-

257 2226 385 2289 tator
419 2228 453 2290 et
486 2215 530 2289 ab
563 2216 733 2290 cantando
772 2225 1018 2310 cantator,
1064 2225 1099 2286 et
1135 2241 1216 2288 cum
1253 2215 1427 2290 dicatur',

223 2384 229 2394 x
257 2317 368 2390 lassus
389 2345 465 2390 sum
489 2319 661 2413 metendo,
689 2317 853 2391 ferendo:
885 2316 1008 2417 exuhis
1029 2315 1199 2393 voeabula
1221 2345 1291 2391 non
1311 2319 1391 2392 red·
1426 2311 1427 2369 l

196 2418 344 2516 ffldunt
364 2425 633 2520 proportionem,
659 2446 729 2519 quo
750 2447 821 2492 non
846 2417 903 2511 lit,
927 2431 968 2491 ut
986 2421 1184 2512 messor,
1210 2431 1244 2492 et
1267 2419 1390 2494 fertor.

255 2521 370 2595 Multa
401 2535 482 2595 sunt
510 2527 590 2596 item
625 2524 663 2594 in
692 2521 759 2595 lrac
791 2523 925 2620 specie,
954 2520 1141 2620 inquibus
1164 2524 1280 2618 potius
1307 2549 1392 2597 con-

258 2624 473 2696 suetudinem
498 2626 675 2724 sequimur
699 2649 804 2722 quam
826 2625 995 2696 rationem
1020 2622 1218 2696 verborum.

358 2750 427 2827 58.
465 2755 651 2830 Praeterea
676 2783 781 2855 quom
806 2760 876 2829 sint
898 2755 942 2828 ab
968 2755 1087 2830 eadem
1109 2760 1242 2856 origiue
1266 2758 1392 2832 verbo·

257 2882 336 2929 rum
357 2857 527 2962 vocabula
551 2857 731 2932 dissimilia
755 2860 991 2957 superiorum,
1018 2859 1113 2958 quod
1137 2860 1241 2932 simul
1262 2859 1393 2934 habent
1425 2883 1426 2934 i

213 2958 216 2966 “
258 2982 361 3070 casus
393 2972 428 3034 et
458 2971 636 3062 tempora,
669 2988 741 3062 quo
770 2974 940 3036 vocantur
971 2963 1174 3062 participia,
1213 2971 1249 3036 et
1281 2963 1392 3036 multa

368 3164 421 3230 56.
444 3180 513 3248 ut']
537 3182 603 3234 coni.
621 3181 707 3236 addidi
724 3187 832 3251 propter
848 3182 989 3249 sequentia
1102 3177 1258 3237 'Aliensem
1276 3181 1392 3230 Romen·

255 3248 321 3317 Μ’]
338 3255 369 3302 ut
384 3250 521 3316 adderem,
536 3252 673 3320 imperiose
691 3253 824 3320 flagitabat
840 3255 921 3308 totius
937 3255 988 3307 loci
1005 3253 1072 3305 ratio
1090 3257 1118 3305 et
1133 3253 1275 3305 consilium.
1312 3253 1392 3304 Simi-

254 3322 317 3373 liter
342 3327 468 3374 atatuerat
492 3323 525 3374 V.
546 3323 585 3378 D.·
604 3326 672 3394 apud
696 3328 877 3392 augustinum.
1023 3323 1080 3392 ια’]
1099 3325 1192 3377 iterum
1210 3325 1276 3377 coni.
1294 3323 1390 3376 addidi.

254 3390 349 3462 Iliua']
368 3395 434 3446 Post
450 3392 475 3447 li.
487 3409 512 3447 ν.
529 3395 556 3448 iu
571 3394 646 3449 codd.
666 3403 706 3451 est
723 3416 809 3463 unus,
832 3396 902 3466 quod
918 3397 1001 3450 omisi.
1372 3419 1375 3426 ·

367 3496 420 3561 δῖ.
451 3507 560 3580 verbis‘]
584 3513 650 3566 Post
667 3511 692 3566 n.
703 3530 728 3567 r.
746 3513 772 3568 io
790 3514 865 3569 codd.
884 3520 925 3567 est
936 3512 1030 3581 fiunt,
1048 3511 1117 3580 quod
1135 3511 1224 3577 omiti,
1243 3517 1345 3576 ortum,
1362 3517 1388 3562 ut

255 3579 374 3647 videtur,
402 3598 440 3635 ex
460 3582 562 3650 duplice
588 3583 715 3637 lectiones
748 3603 767 3636 o
793 3585 880 3638 verbis
905 3585 999 3654 fiunt,
1026 3591 1067 3637 etr
1098 3583 1226 3636 dicuntur
1253 3599 1273 3632 a
1296 3579 1388 3634 verbis.

255 3662 363 3704 amator
379 3654 418 3721 ct]
436 3661 464 3706 et
481 3654 574 3708 deinde
592 3654 731 3706 salutator
747 3657 785 3724 ot]
805 3657 883 3712 alia.
917 3665 946 3706 et
963 3662 1100 3723 utrumque
1118 3669 1169 3709 om.
1185 3655 1217 3708 F.
1254 3655 1301 3706 Sic
1319 3663 1348 3704 et
1364 3655 1388 3705 io

257 3722 366 3789 apodosi
379 3731 440 3792 post
456 3734 488 3775 ut
502 3725 610 3779 infertur
619 3728 653 3793 V,
661 3732 706 3779 20.
726 3733 754 3780 et
767 3729 793 3782 io
808 3744 880 3795 sequ.
898 3727 931 3779 cl.
945 3733 1031 3780 annot.
1045 3726 1078 3780 ad
1089 3728 1124 3793 V,
1135 3731 1179 3781 98.
1251 3725 1387 3790 cantator]

257 3793 358 3862 Popmt
381 3811 440 3848 cum
458 3802 518 3848 aute
536 3795 561 3848 h.
574 3814 599 3851 r.
617 3799 763 3866 negativam
779 3801 931 3868 particulam
948 3799 1041 3864 insert,
1059 3797 1171 3852 ostendit
1189 3812 1218 3850 oe
1236 3812 1287 3849 noo
1304 3811 1387 3858 nosse,

212 3863 216 3874 ⁴
257 3864 292 3988 ge
314 3865 406 3988 qupbus
424 3867 632 3936 proportionibus
656 3887 678 3924 s.
697 3871 823 3938 analogiis
838 3872 997 3938 *cogitaverit
1013 3873 1132 3940 scriptor.
1168 3868 1273 3922 Licebit
1290 3883 1335 3920 eas
1352 3868 1387 3922 sic

277 3951 342 3991 esen
361 3953 423 3990 ere:
764 3953 767 3961 ’
849 3953 852 3960 ·
1001 3980 1003 3987 ,
1423 3991 1424 4000 ,

328 4015 469 4075 Amouda,
493 4017 657 4088 salutando,
674 4021 825 4078 cantando:
844 4027 964 4082 amator,
981 4021 1134 4084 salutator,
1154 4027 1325 4072 cantator:
1338 4035 1388 4070 me-
1423 4033 1424 4060 i

278 4111 281 4118 ·
365 4088 460 4153 tendo,
480 4089 612 4160 ferendo:
636 4109 748 4153 ausser,
768 4093 871 4166 fartor.
986 4099 989 4108 ‘

261 4169 379 4223 Quorum
397 4175 540 4226 extremum
558 4189 617 4228 oum
636 4191 687 4228 nou
704 4177 739 4229 sit
764 4178 789 4229 io
809 4176 1011 4240 cousuetudine,
1038 4173 1099 4227 iude
1116 4175 1247 4241 colligitur
1263 4189 1314 4226 noo
1333 4188 1388 4225 esse

260 4238 412 4305 nntlosslam·
525 4243 588 4315 quo]
608 4247 682 4300 co'dd.
719 4247 851 4336 quodlvg.
880 4248 913 4301 ol.
926 4249 961 4312 V,
975 4251 1010 4299 lo
1072 4303 1075 4310 ,
1131 4245 1170 4312 ct]
1188 4247 1222 4298 G.
1258 4261 1308 4298 om.
1329 4252 1384 4296 cett.

370 4336 422 4400 53·
457 4350 520 4418 ‘1⁸⁰1
538 4351 613 4406 wdd·
650 4369 719 4423 quae
737 4370 778 4420 vg.
816 4355 856 4408 cl.
875 4356 909 4408 dc
941 4355 989 4406 lroc
1015 4369 1063 4408 usu
1086 4355 1185 4408 relativi
1208 4372 1260 4427 quc
1282 4349 1387 4408 eumad
