2890 4820
477 248 514 350 5.
542 231 731 343 99433.
1116 248 1167 324 15
1223 241 1229 254 '

46 437 249 536 appellatum
273 435 465 532 Thebrim,
496 448 577 510 sunt
599 439 660 536 qni
684 433 842 510 Tiberim
867 438 1021 535 priscum
1043 460 1168 512 nomen

46 541 203 612 Latinum
228 538 397 620 Albulam
427 540 614 612 vocitatum
645 538 753 610 literis
782 538 1020 631 tradiderunt,
1054 552 1167 637 poste·

44 643 109 714 rius
132 654 274 740 propter
294 641 500 738 Tiberinum
523 666 640 740 regem
660 639 864 714 Latinorum
884 651 1053 714 mutatum
1073 641 1168 740 quod

44 741 86 814 ibi
108 745 293 835 interierit,
328 737 500 816 namhoc
525 744 600 814 eius
624 750 665 814 ut
689 742 829 816 tradunt
851 743 1061 840 sepulcrum.

134 875 202 950 5l.
234 879 286 951 Ut
317 881 428 952 omnis
459 890 581 951 natura
613 880 649 950 in
676 877 810 966 caelum
839 889 875 948 et
901 890 1028 951 terram
1057 879 1205 961 divisa6

42 990 108 1070 est,
147 981 200 1052 sic
228 981 314 1052 caeli
342 980 542 1079 regionibns
572 991 663 1052 terra
694 980 731 1049 in
759 975 882 1050 Asiam
907 991 941 1053 et
968 982 1162 1079 Europam.

41 1076 145 1151 Asia
183 1083 274 1154 enim
310 1084 399 1154 iacet
430 1081 475 1153 ud
506 1082 682 1154 meridiem
713 1091 747 1151 et
774 1089 948 1171 austrum,
985 1083 1167 1181 Europa

41 1179 79 1252 ad
100 1186 359 1280 septemtriones
381 1195 414 1256 et
436 1183 644 1279 aquilonem.
698 1177 810 1251 Asia
832 1179 922 1252 dicta
945 1207 965 1252 a
986 1183 1163 1282 Nympha,

40 1307 57 1350 a
85 1308 153 1378 qua
191 1295 226 1356 et
258 1285 378 1381 Iapeto
408 1283 555 1356 traditur
586 1281 831 1354 Prometheus.
903 1283 1084 1382 Europa
1121 1286 1164 1358 ab
1182 1325 1215 1368 47

40 1382 178 1483 Europa
208 1382 404 1484 Agenoris,
451 1410 555 1481 quam
585 1411 628 1457 ex
659 1383 838 1456 Phoenice
870 1382 1013 1456 Mallius
1047 1385 1168 1460 scribit
1182 1378 1221 1392 ””

40 1494 170 1557 laurum
193 1499 412 1585 exportassc,
447 1512 595 1583 quorum
615 1487 788 1585 egregiam
811 1486 998 1584 imaginem
1022 1511 1066 1556 ex
1088 1514 1167 1561 aere

39 1584 254 1686 Pythagoras
287 1589 431 1660 Tarenti
467 1587 561 1660 fecit.
772 1583 840 1658 52.
887 1588 1051 1683 Europae
1088 1589 1168 1662 loca

39 1687 160 1761 multae
188 1690 345 1763 incolunt
370 1691 537 1762 nationes.
597 1687 653 1760 Ea
676 1687 748 1760 fere
772 1687 947 1759 nominata
969 1700 1028 1760 aut
1053 1700 1166 1762 trans·

38 1786 148 1860 laticio
171 1793 310 1863 nomine
333 1790 376 1862 ab
401 1790 618 1880 hominibuS,
652 1787 715 1893 lut
737 1788 895 1862 Sabini
920 1802 955 1862 et
977 1771 1212 1888 Lucanissj

39 1901 86 1960 ant
113 1889 287 1964 declinato
313 1892 356 1963 ab
380 1891 578 1965 bominibus
606 1902 645 1965 ut
668 1888 870 1989 Appulia
899 1905 933 1963 et
961 1892 1160 1966 Latium:
1178 1935 1211 1977 54

39 2002 217 2090 utrumqne
247 2005 286 2066 ut
314 1995 500 2068 Etruria
528 2005 562 2066 et
591 1994 742 2065 Tusci.
808 1993 889 2084 Qua
920 2019 1065 2092 regnum
1098 1990 1214 2067 fuit*

37 2089 169 2184 latini,
208 2097 390 2168 universus
424 2123 507 2196 ager
539 2095 650 2167 dictus
683 2094 884 2187 Latium,
933 2095 1164 2192 particulatim

39 2196 166 2290 oppidis
190 2199 469 2296 cognominatus,
498 2209 539 2269 ut
562 2223 583 2268 a
606 2197 794 2288 Praeneste
816 2196 1161 2290 Praenestinus,
1248 2281 1250 2293 Α

39 2294 74 2365 ab
101 2292 227 2368 Aricia
258 2295 494 2370 Aricinus.
530 2351 532 2356 -
673 2296 741 2368 55.
777 2297 829 2369 Ut
859 2300 970 2368 nostri
998 2295 1163 2396 Augures

37 2396 160 2490 publici
183 2398 372 2491 disserunt,
402 2426 564 2500 agrorum
584 2408 665 2470 sunt
684 2424 811 2496 genera
832 2398 1007 2494 quinque,
1032 2401 1162 2470 Roma·

38 2523 113 2590 nus,
147 2498 332 2591 Gabinus,
361 2503 594 2598 Peregrinus,
624 2500 817 2589 Hosticus,
847 2499 1021 2570 Incertus.
1053 2502 1163 2572 ¹Ro·

38 2624 184 2672 manus
208 2601 342 2693 dicun,
378 2603 471 2674 unde
495 2604 629 2692 Roma,
666 2600 710 2672 ab
735 2600 901 2673 Romulo.
962 2599 1163 2675 Gabinus

39 2698 75 2769 ab
106 2703 236 2800 oppido
270 2702 392 2776 Gabis.
470 2704 749 2802 Peregrinus
787 2729 869 2802 ager
901 2714 1066 2798 pacatus,
1101 2707 1162 2801 qui

41 2813 127 2876 extra
160 2806 362 2878 Romanum
391 2817 426 2878 et
453 2804 651 2899 Gabinum,
689 2804 784 2903 quod
813 2831 884 2879 uno
912 2804 1015 2878 modo
1042 2806 1080 2877 in
1109 2805 1212 2904 1ιίοὲ
1286 2836 1291 2844 ·

40 3021 90 3074 loco
114 3026 201 3079 Varro
225 3025 292 3093 (vl,
308 3029 369 3094 59.)
394 3025 429 3078 ab
454 3046 520 3080 οοοο
544 3028 648 3092 scribit,
676 3028 767 3080 eodem
791 3027 893 3080 Gellius
916 3027 956 3092 X,
974 3031 1018 3080 21.
1044 3045 1062 3076 a
1085 3045 1161 3082 οονο.

40 3093 161 3160 vl11‚2o.
189 3098 285 3150 librarii
305 3099 382 3152 verba
402 3097 436 3148 ab
454 3099 499 3150 lan
515 3099 589 3150 luam
607 3100 634 3151 in
653 3097 732 3150 abluo
751 3095 858 3147 abluam
876 3104 1046 3151 mutaverunt.
1088 3101 1160 3155 Qua-

40 3173 134 3233 propter
157 3168 241 3221 formn
269 3168 318 3226 ab,
348 3170 393 3222 ubi
419 3186 484 3222 unus
509 3171 587 3223 modo
612 3171 708 3238 probus
731 3170 815 3221 codex
841 3169 979 3234 obtulerit,
1014 3171 1162 3239 recipienda

40 3237 87 3316 erit.
177 3241 370 3306 Veientumffl.
388 3247 417 3294 ut
435 3242 487 3296 vid.
515 3242 664 3293 vehiculum
682 3241 730 3294 Fb.
760 3239 901 3302 velrcptum
918 3258 941 3294 c.
970 3241 1110 3294 winierium
1126 3244 1160 3294 G.

40 3311 171 3361 verentium
187 3329 211 3364 a.
287 3355 293 3365 .

138 3418 191 3486 31.
218 3435 481 3506 Agenoreucnnc.
512 3434 580 3502 flua
598 3452 640 3501 vg.
659 3435 718 3487 aaa.
737 3436 806 3501 quoa
824 3437 912 3488 nescio
934 3450 967 3486 an
989 3449 1039 3486 non
1067 3431 1159 3484 nabeo

41 3500 65 3555 Ρ.
174 3507 434 3573 Μαί]ι“ιιο]ΜαηΙὶαο
448 3510 482 3560 G.
498 3507 606 3558 lorbac.
643 3507 776 3560 Manilius
794 3509 928 3560 Bentinus.
982 3503 1158 3572 Pythagoras

41 3580 74 3624 est
95 3579 240 3630 notissimus
264 3578 373 3643 artilex,
405 3579 523 3644 Myronis
547 3579 677 3643 aemulus,
703 3594 769 3642 non,
795 3580 827 3630 de
850 3594 902 3644 quo
925 3574 1041 3628 Lobeclr.
1060 3575 1158 3638 Aglao-

40 3642 112 3710 pham.
133 3668 157 3717 p.
170 3653 232 3703 924.
250 3652 363 3716 cogitat,
393 3649 559 3718 philosophus
577 3651 686 3703 Samius.
722 3651 763 3702 De
781 3649 871 3701 eadem
889 3653 974 3698 statua
991 3646 1116 3698 Tatiauns
1134 3663 1157 3699 c.

41 3717 121 3772 Graec.
138 3725 213 3784 aaa.
255 3770 258 3778 ,
327 3720 469 3789 declinato]
488 3721 563 3774 codd.
599 3720 734 3770 declinata
753 3727 781 3772 nt
799 3736 841 3785 vg.
860 3718 984 3786 Spengel.
1066 3717 1159 3784 Tusci]

40 3785 151 3856 Scaliger.
188 3789 278 3843 tuscia
296 3791 371 3843 codd.
519 3791 642 3858 Latium]
656 3809 698 3858 vg.
735 3791 820 3841 latius
839 3789 930 3854 codd,
957 3787 1028 3856 quod
1052 3789 1085 3839 ab
1109 3787 1158 3842 hoc

40 3863 150 3914 sermonis
167 3878 263 3929 genere
280 3863 410 3916 abhorret.

135 3971 189 4056 33.
212 3984 326 4056 publia]
340 3990 412 4042 rec.
450 3985 557 4056 publice
580 3988 648 4041 nas.
688 3983 804 4056 ,aazias
825 3985 895 4038 seni
932 4000 958 4048 r,
984 3983 1158 4053 probabiliter.
1200 3972 1203 3996 *

40 4049 66 4103 V.
82 4055 111 4107 ad
128 4059 203 4122 Vlll,
221 4063 265 4111 36.
283 4065 327 4112 50.
457 4057 888 4126 abnamu101ab(aab.)romo
929 4057 985 4110 abc.
1100 4057 1156 4105 Ga·
1242 4099 1249 4112 ,

42 4118 194 4189 ll'llllHnbc
230 4127 318 4198 gabiis
333 4133 367 4184 G.
403 4131 487 4183 Varro
496 4130 568 4196 ‚haec
586 4139 613 4183 et
633 4131 727 4182 similia
749 4143 783 4181 err
808 4128 908 4194 vulgari
934 4141 1068 4190 sermone,
1092 4141 1157 4178 con·

41 4197 160 4252 tractionis
181 4201 370 4263 amantissimo,
398 4203 533 4254 retinuisse
557 4203 665 4254 videtur.
710 4202 756 4253 Sic
781 4200 841 4252 boni
865 4199 958 4252 codd:
984 4195 1104 4248 Publicis
1122 4199 1155 4259 V,

42 4267 92 4322 1⁵⁸.
124 4271 244 4342 Esquilis
270 4277 331 4326 159.
350 4273 428 4341 (aa.)
465 4273 570 4324 Faleris
594 4277 655 4325 162.
674 4271 735 4340 (F.)
773 4269 926 4340 praecordis
949 4269 1002 4334 vl,
1020 4273 1064 4320 38.
1083 4267 1154 4333 (ab.)

41 4343 150 4402 agnetis
166 4342 230 4409 Vll,
247 4345 290 4396 84.
304 4343 384 4413 (Ha.)
420 4345 507 4400 Mirus
524 4344 656 4413 probanda
673 4341 787 4397 censoris
805 4342 856 4408 Vl,
873 4345 917 4394 86.
933 4339 996 4408 (H.)
1015 4345 1042 4393 el
1059 4338 1156 4390 volun-
