2866 4812
272 229 353 304 l50
644 255 767 302 uranu
806 252 1026 301 srrrruus.

507 419 585 488 Hie
623 419 786 512 spatirem
822 419 945 486 decem
979 420 1164 490 linearum
1249 487 1251 492 .

665 521 833 589 relictum
863 533 945 598 erat
972 523 1011 591 in
1080 585 1086 602 ,

734 623 948 715 exemplari.

271 733 324 808 27
331 785 473 808 .....
500 729 736 804 foederum
768 730 967 824 foederum,
1015 730 1207 828 plusima
1240 733 1387 832 plurima,

99 836 104 852 ’
206 835 498 917 armelios‘em
523 833 720 924 meliorem,
754 858 930 905 asenam
960 859 1118 928 arenam,
1153 838 1325 910 ianitos
1351 842 1390 909 ia·

212 931 374 1013 *nitor
435 937 556 1028 Quare
587 944 641 1006 est
672 933 883 1007 Casmena
916 933 1105 1027 Carmena,
1148 937 1202 1009 ut*
1237 942 1388 1032 earmina,

269 1068 431 1136 carmen,
459 1041 496 1110 R
517 1038 641 1108 extrito
667 1035 859 1137 Camena
886 1037 1031 1110 factum.
1085 1035 1148 1110 Ab
1174 1038 1294 1122 eadem
1319 1068 1389 1114 voce

269 1146 433 1233 canite,
462 1164 621 1238 proquo
646 1140 683 1210 in
704 1139 831 1212 Saliari
858 1165 961 1212 versu
987 1142 1157 1238 scriptum
1182 1154 1234 1215 est
1257 1154 1387 1234 cante,

269 1247 338 1318 hoc
363 1269 490 1317 versut
1111 1308 1114 1314 .

380 1353 498 1418 Danu
515 1372 629 1418 aurun
651 1371 779 1427 cenna,
805 1361 914 1418 brvuu
934 1373 1010 1417 uno
1023 1373 1263 1419 surrurcnurr.

270 1465 339 1542 28.
379 1468 424 1538 In
447 1469 597 1539 carmine
620 1465 754 1539 Priami
779 1465 873 1564 quod
898 1476 970 1538 est:

383 1583 539 1652 Veteres
570 1571 946 1651 cormariacensem
974 1604 1052 1650 rem
1080 1583 1162 1653 uolo
1185 1581 1345 1677 profari

204 1716 256 1784 Q
379 1682 431 1750 Et
464 1682 680 1772 Priamum3
1054 1703 1056 1707 ’

267 1805 438 1853 cascum
464 1779 637 1878 significat
657 1791 755 1852 vetus
766 1809 777 1876 3
805 1780 894 1852 *eius
915 1783 1015 1881 origo
1034 1778 1165 1854 Sabina
1186 1805 1277 1878 quae
1297 1807 1389 1879 usque

268 1883 412 1956 radices'
439 1887 475 1953 in
510 1881 643 1954 Oseam
674 1883 828 1980 linguam
864 1885 948 1982 egit.
1012 1881 1164 1956 Casuum
1196 1895 1300 1956 vetus
1331 1907 1389 1956 esse

269 1985 442 2086 significat
467 1985 628 2077 Ennius,
661 1985 755 2082 quod
781 1986 847 2056 ait:
1077 1985 1078 1990 ’

383 2088 518 2186 Quam
527 2101 647 2192 prisci
677 2102 776 2168 casei
800 2101 936 2191 populi
973 2109 1124 2168 tenuere
1160 2099 1305 2177 Latini.
1365 2145 1369 2152 -

267 2205 324 2277 Eo
349 2207 459 2306 magis
484 2205 674 2299 Maniliae,
715 2205 810 2306 quod
835 2208 903 2277 ait:

384 2319 540 2398 Cascam
563 2301 711 2391 duxisse
742 2345 889 2390 caecam
917 2321 992 2388 non
1015 2318 1184 2388 mirabile
1213 2330 1286 2405 est,

385 2424 570 2508 Quoniam
603 2423 727 2492 Caron
759 2422 851 2490 eas*
883 2419 1100 2512 conficiebat
1133 2423 1295 2516 nuptiae.

207 2530 362 2634 ‘saltem
381 2529 531 2601 ostendit
549 2532 678 2628 Papini
700 2523 1015 2634 ἐπιγραμμάτιον,
1037 2527 1131 2627 quod
1149 2530 1186 2600 in
1206 2526 1388 2601 adolescen-

273 2643 341 2704 tem
365 2631 494 2734 fecerat
518 2629 685 2704 Cascam:
720 2665 726 2678 ·

384 2839 439 2890 Hie
465 2839 597 2908 spatium]
615 2841 689 2893 Haec
707 2840 757 2893 Ha.
777 2841 803 2892 in
820 2855 901 2908 marg.
945 2840 1017 2892 Idem
1035 2839 1161 2891 affirmant
1178 2839 1356 2893 Ambrosianus
1369 2841 1389 2886 et

270 2911 426 2964 Mutinensis
444 2912 519 2964 codd.
564 2913 594 2964 In
611 2913 667 2964 FG.
694 2914 784 2964 lacuna
803 2917 852 2964 est.
897 2914 951 2965 Per
977 2914 1066 2964 decem
1091 2910 1138 2964 bos
1156 2927 1245 2964 versus
1262 2910 1387 2980 disputatio

271 2983 303 3034 de
322 3000 334 3035 s
353 2985 427 3036 litera
438 2985 471 3038 'in
482 2995 502 3036 'r
519 2991 617 3036 mutata
636 2985 854 3042 continuabatur„

385 3088 438 3152 27.
466 3117 573 3151 asenam
592 3101 711 3167 arenam]
730 3100 771 3153 ab.
815 3116 927 3150 osanam
945 3116 1054 3149 arenam
1071 3099 1105 3150 G.
1146 3109 1250 3144 asenam
1268 3085 1387 3172 ar'enaVll.

275 3189 357 3224 asena
375 3189 458 3224 arena
475 3172 507 3225 F.
530 3179 559 3224 ut
576 3174 685 3225 videtur.
805 3171 860 3236 ια’]
879 3173 946 3224 coni.
965 3171 1059 3222 addidi.
1183 3163 1299 3229 orrum]
1317 3161 1388 3245 libau

275 3245 342 3296 bunc
360 3245 484 3297 Saliarem
503 3259 603 3295 versum
628 3245 690 3296 satir
714 3240 791 3293 babai
814 3249 1007 3310 repraesentare
1029 3242 1095 3292 sicut
1115 3239 1141 3288 in
1159 3237 1190 3288 F.
1206 3240 1253 3315 est,
1301 3233 1387 3295 Alioqui

274 3317 447 3384 scripsissem:
472 3330 577 3365 nrroru
594 3330 683 3366 neom
706 3320 813 3382 propter
830 3314 991 3366 Macrobium
1009 3314 1065 3364 Sat.
1082 3311 1110 3375 1,
1129 3313 1168 3360 9.:
1191 3305 1325 3356 Saliorum
1342 3318 1388 3351 car-

274 3387 388 3438 minibus
401 3386 519 3438 Deorum
532 3387 608 3436 Deus
623 3385 731 3434 canitur
748 3384 870 3451 (Ianus).
966 3383 1080 3448 seruare]
1093 3389 1164 3430 emta
1178 3379 1213 3431 H.
1290 3387 1387 3426 surru-

276 3459 381 3522 cearu]
400 3455 519 3526 supplice
537 3465 631 3520 caure,
657 3463 687 3506 ut
705 3463 745 3507 est
769 3457 795 3506 iu
822 3457 861 3507 ed.
879 3456 976 3523 princ,
1004 3452 1165 3506 scribendum
1190 3465 1261 3514 esse,
1284 3447 1335 3500 veri
1350 3456 1387 3494 nor

275 3531 405 3582 dissimile.
448 3527 515 3580 Nam
539 3529 617 3581 etiam
641 3543 754 3580 memore
779 3533 806 3578 et
824 3529 913 3581 celere¹
927 3536 953 3580 et
971 3526 1119 3595 perspicace
1137 3521 1205 3592 apud
1223 3520 1338 3586 antiquos
1352 3513 1387 3565 ad·

271 3603 359 3654 verbia
376 3605 456 3653 eraut.
859 3603 863 3624 ¹

382 3695 434 3758 28.
461 3705 580 3774 Veteres]
600 3705 736 3760 Saturnius
754 3721 852 3760 versus.
904 3705 984 3756 Accio
1001 3718 1052 3756 non
1076 3704 1125 3756 nisi
1143 3718 1177 3755 ex
1195 3701 1246 3752 fide
1263 3693 1387 3774 interpola·

272 3787 357 3834 torum
375 3781 505 3833 tribuitur.
653 3777 803 3843 Priamum]
822 3776 947 3842 Scaliger.
982 3775 1097 3842 primum
1114 3773 1190 3826 codd.
1321 3760 1386 3844 *erufl

272 3856 339 3905 Ante
365 3850 425 3904 h.v.
445 3851 560 3918 expunxi
583 3847 711 3911 secundo,
740 3848 809 3914 q'uod
833 3854 934 3900 vetusta
958 3845 1207 3916 interpolationexin
1232 3839 1305 3894 codd.
1324 3837 1387 3894 veni.

271 3931 359 3975 natum
379 3924 474 3975 exilio
488 3921 619 3988 primum,
637 3919 706 3984 quod
724 3936 739 3970 c
757 3920 861 3980 Priamo
879 3918 1027 3970 iamdudum
1044 3919 1177 3985 expulsum
1196 3920 1244 3966 est.
1314 3910 1388 3976 Quen

268 3994 363 4061 prisca]
383 4011 416 4047 ex
433 3993 510 4046 Ennii
524 3991 673 4056 Annalibus,
691 3990 712 4052 Ι,
730 3995 773 4044 37.
793 3996 873 4059 p.10.
887 3990 919 4042 Ε.
933 3991 961 4042 S.
989 3991 1021 4043 cf.
1039 3987 1162 4042 Niebuhr.
1181 3987 1214 4038 R.
1226 3984 1260 4038 H.
1279 3981 1299 4033 l.
1317 3997 1340 4048 p·
1351 3977 1385 4025 79·

272 4065 313 4117 ed.
332 4081 384 4118 sec.
518 4061 634 4128 renuere]
653 4063 767 4113 correxit
784 4063 909 4114 Columna
927 4062 960 4113 ad
977 4061 1042 4112 Eun.
1061 4079 1086 4129 p.
1100 4061 1143 4113 14.
1194 4069 1307 4127 genuere
1324 4044 1386 4132 codd⁴

162 4134 179 4148 ²
273 4139 359 4185 Ceron
377 4135 445 4202 eas']
464 4134 523 4187 Nou
541 4149 583 4185 me
602 4134 694 4184 retinui
712 4134 846 4198 quominus
865 4133 929 4185 banc
946 4133 1084 4184 secundam
1099 4129 1228 4195 Scaligeri
1245 4120 1387 4205 emendabo·

269 4207 328 4258 nem
346 4208 496 4273 reciperem.
533 4202 652 4254 cariores
669 4205 754 4256 FGH.
805 4205 919 4254 cariores
936 4205 977 4256 ab.
1112 4201 1263 4251 cheroneus
1279 4209 1342 4248 cour.
1362 4186 1385 4238 F·

122 4333 125 4339 .
271 4280 387 4330 Ursinus.
501 4272 667 4340 conficiebat]
686 4291 744 4326 curn
762 4274 897 4342 Scaligero
914 4277 941 4326 in
953 4272 1079 4344 faciebat
1096 4281 1197 4325 mutare
1210 4286 1261 4322 uon
1274 4281 1334 4334 opus
1347 4263 1384 4312 esi·

226 4371 228 4376 ¹
269 4347 379 4417 Papini]
398 4347 568 4413 Pomponium
586 4345 648 4397 dicit
666 4347 826 4412 Priscianus,
851 4348 895 4413 qui
919 4345 968 4397 boc
993 4346 1150 4416 epigramma
1168 4359 1201 4395 ex
1218 4343 1384 4395 Varronem
