2890 4820
436 274 472 374 §-
492 280 552 370 ,46
574 317 624 334 -
649 290 712 360 50·
1078 285 1130 360 la

30 463 120 534 Viae
139 458 182 532 ab
204 459 362 534 Streniae
387 460 526 555 sacello,
554 485 642 558 quae
664 465 812 560 pertinet
835 461 1035 563 indecem,
1062 497 1131 570 qua

30 587 113 634 sacra
143 572 312 660 quotquot
342 561 516 635 mensibus
549 563 705 636 feruutur
735 567 771 636 in
804 561 956 661 ſtruem,
1004 583 1039 643 et
1071 599 1133 670 prr

31 689 120 758 quam
152 662 316 760 Augures
353 689 396 734 cx
432 659 530 735 Arce
575 664 722 762 proiecti
760 666 870 740 solent
912 671 1130 769 inaugurare.

31 765 132 836 Huirts
161 765 289 836 Sacrae
315 764 402 836 Viae
433 791 514 860 pars
547 762 633 838 haec
667 765 741 840 sola
773 768 876 868 volgo
905 781 1006 863 nota,
1045 791 1133 870 quac

31 877 73 934 est
94 891 112 935 a
136 864 212 938 faro
237 866 331 936 eunti
352 868 501 963 primore
527 865 630 938 clivo.
729 863 814 950 dli.
852 869 976 944 Eidem
1001 877 1133 972 regioni

32 965 174 1038 attributa
209 965 369 1058 Subura,
406 967 500 1064 quod
531 965 596 1038 sub
629 993 729 1038 muro
760 979 871 1040 terreo
903 970 1130 1046 Carinarum:

32 1069 59 1134 in
80 1093 116 1137 ea
136 1077 187 1139 est
208 1062 405 1166 Argeorum
428 1065 593 1138 sacellum
615 1078 764 1138 sextium.
818 1067 990 1143 Subura
1013 1075 1134 1147 Iunius

31 1165 135 1238 scribit
165 1166 210 1238 ab
251 1194 313 1259 eo,
350 1167 444 1264 quod
478 1167 583 1236 fuerit
613 1165 679 1236 sub
716 1168 855 1263 antiqua
888 1170 1006 1243 Urbe:
1053 1179 1135 1268 quoi

31 1270 245 1340 testimonium
269 1278 501 1365 potestesse,
543 1265 637 1363 quod
662 1266 780 1339 subest
807 1271 838 1338 ei
863 1268 940 1340 loco
966 1274 1025 1366 qui
1047 1275 1135 1345 Ter·

31 1393 95 1439 reus
117 1395 237 1440 munus
261 1380 415 1440 vocatur.
469 1365 542 1440 Sed
562 1392 627 1464 ego
647 1392 668 1437 a
690 1393 781 1467 pago
801 1371 915 1465 potius
932 1368 1136 1446 Succusano

32 1468 140 1543 dictam
172 1481 257 1567 puto
281 1468 494 1541 Succusam:
537 1467 651 1564 *quod
684 1469 721 1540 in
761 1482 841 1541 nota
876 1471 1003 1542 etiam'
1041 1480 1181 1552 nuncii

32 1569 177 1642 scribitur
201 1572 300 1642 tertia
322 1568 420 1640 litera
444 1567 475 1640 G
500 1593 571 1640 non
592 1569 639 1642 B.
696 1569 817 1670 Pagus
845 1569 1135 1644 Succusanus

32 1669 108 1764 quod
132 1673 307 1742 succurrit
332 1667 481 1742 Carinis.

116 1801 188 1875 aa.
231 1803 412 1877 Secundae
447 1804 599 1901 regionis
635 1803 897 1904 Esquiliae.
959 1803 1036 1878 Abi
1073 1806 1137 1880 has

34 1907 190 2004 scripsere
222 1905 265 1976 ab
299 1903 451 1977 excubiis
484 1906 594 2004 Regis
629 1903 761 1992 dictas:
801 1907 859 1978 alii
892 1905 936 1978 nb
970 1932 1011 1979 eo
1043 1908 1136 2004 quod

35 2007 176 2078 excultae
211 2032 232 2077 a
261 2032 342 2105 rege
383 2005 502 2077 Tullio
535 2017 671 2078 essent:
726 2007 812 2078 *alii
845 2007 888 2078 ab
925 2007 1135 2080 aesculetis!

35 2106 113 2180 lluic
133 2108 259 2206 origini
284 2109 392 2206 magis
416 2109 604 2180 concinunt
624 2106 700 2179 loca
723 2109 840 2200 vicini,
866 2108 959 2206 quod
984 2107 1032 2180 ibi
1056 2108 1137 2180 Lu·

35 2231 98 2278 cus
128 2208 254 2280 dicitur
277 2207 515 2280 Facutalis
544 2219 578 2280 et
611 2207 771 2279 Larum
795 2219 830 2280 et
856 2209 1136 2307 Querquetu-

35 2305 162 2381 lanum
202 2309 365 2381 sacellum
405 2319 441 2380 et
474 2309 626 2379 Lucus
663 2309 843 2381 Melicis
881 2321 915 2382 et
947 2312 1137 2382 Iunonis
1189 2371 1192 2380 ,

35 2406 243 2483 Lucinae:
270 2435 416 2506 quorum
442 2411 577 2506 angusti
600 2407 707 2480 fines:
746 2434 815 2480 non
834 2412 976 2501 mirum,
1011 2411 1138 2481 iamdiu
1151 2440 1186 2507 {i

36 2512 112 2582 eninr
139 2512 209 2585 late
233 2512 375 2582 avaritia
399 2535 492 2581 nunc
517 2519 582 2581 est.
746 2507 814 2581 50.
852 2509 1036 2607 Exquiliae
1069 2509 1138 2584 duo

37 2713 96 2764 multi
110 2713 231 2766 Varronis
248 2711 300 2765 loci
317 2713 392 2766 fateri
411 2715 513 2778 cogunt.
613 2708 725 2778 Cerolia]
743 2709 885 2766 Turnebus.
924 2709 1047 2764 Gerionia
1063 2712 1137 2765 codd.

37 2782 119 2832 Arcem
136 2785 203 2855 qua]
221 2801 262 2850 vg.
298 2802 359 2835 arce
377 2783 449 2850 (cum
467 2782 560 2834 lineola
576 2779 614 2848 c.)
633 2781 707 2834 codd.
743 2792 802 2833 arte
820 2784 846 2837 b.
931 2783 1024 2835 Huius
1041 2785 1138 2834 Sacrae

40 2851 103 2918 ttae]
121 2855 159 2907 lie
178 2854 269 2907 eadem
286 2871 315 2908 re
331 2855 424 2908 Festus
442 2871 467 2922 p.
480 2857 543 2904 235.
560 2851 692 2904 Lindon:
727 2853 824 2923 Iraque
842 2871 874 2905 ne
890 2863 1003 2906 eatenus
1028 2853 1140 2925 quidem,

39 2931 63 2970 ut
77 2923 169 2993 vulgus
190 2925 330 2994 opinatur,
356 2942 435 2977 sacra
450 2923 610 2993 appellanda
627 2933 667 2974 est
685 2941 703 2972 a
718 2923 803 2992 Regia
822 2924 860 2976 ad
877 2923 979 2976 &aarum
994 2925 1074 2994 Regis
1092 2942 1139 2974 su-

39 2993 151 3059 crificuli,
180 2996 228 3047 sed
251 2997 333 3047 etium
356 3013 374 3046 a
397 2995 480 3066 Regis
503 2994 576 3044 domo
599 2992 637 3042 ad
658 2993 784 3043 sacellum
809 2995 943 3054 Streniae,
964 3003 991 3043 et
1009 3012 1103 3044 rursus
1119 3012 1137 3042 a

38 3061 110 3134 Regia
126 3066 256 3138 usquein
276 3067 374 3120 Arcem.
535 3063 661 3132 primore]
676 3063 773 3116 aldins.
807 3064 921 3131 primore
936 3063 1011 3118 codd.
1042 3063 1139 3132 proxi-

40 3149 97 3186 acro
116 3153 171 3190 esse
196 3139 223 3190 in
246 3139 292 3206 R,
321 3138 432 3190 sirecte
456 3136 586 3202 intelligo,
616 3133 678 3186 dicit
701 3135 812 3186 Bunsen.
841 3153 867 3204 p.
888 3139 965 3202 693„
1000 3135 1044 3203 qui
1070 3136 1136 3189 caui.
1223 3159 1227 3179 ι

37 3207 143 3268 proxima
155 3219 241 3262 sacro.

135 3299 186 3366 48.
212 3313 241 3365 in
257 3314 300 3379 ea]
318 3329 360 3381 vg.
394 3312 424 3365 in
438 3331 470 3366 eo
487 3312 563 3366 codd.
717 3308 801 3380 *quod
816 3309 845 3360 in
862 3289 928 3362 licta
944 3309 1054 3378 etiam]
1072 3311 1138 3364 cotti.

42 3381 129 3451 addidi,
153 3387 212 3439 coll.
231 3386 338 3442 Quintil.
356 3385 418 3438 lnst.
436 3385 462 3452 1,
479 3389 505 3439 t.
540 3379 648 3436 Accedit
664 3382 801 3434 auctoritas
818 3381 939 3434 Bursenii
964 3399 990 3450 p.
1005 3385 1065 3434 694.

137 3479 188 3546 49.
221 3493 376 3564 Exquiliae]
394 3493 491 3560 scripsi.
526 3483 653 3560 esquiliae
670 3491 703 3542 G.
744 3487 852 3559 esquilie
868 3490 894 3542 b.
935 3486 1085 3556 exquilinus
1110 3493 1140 3542 ul

44 3559 84 3611 rid·
101 3571 173 3632 cett,
203 3566 272 3633 quod
288 3566 409 3632 Spengel.
426 3581 451 3632 p.
467 3561 586 3616 LXVlll.
605 3561 857 3630 praeferre-videtur.
893 3557 945 3610 Sed
962 3558 1039 3610 iidem
1056 3559 1081 3622 s.
1096 3562 1139 3610 50.

43 3630 179 3702 Esquiliae.
305 3634 442 3703 scripsere]
452 3635 481 3687 ll.
517 3631 678 3700 scripserunt
696 3637 756 3684 cett.
881 3626 978 3694 Tullio]
996 3643 1037 3693 vg.
1073 3627 1142 3680 tullo
1243 3660 1246 3670 ·

45 3699 111 3763 (uilla
127 3706 176 3775 H.)
195 3703 269 3758 codd.
305 3706 344 3758 De
362 3706 444 3758 Servii
462 3705 539 3757 domo
555 3704 580 3754 in
598 3701 724 3769 Exquiliis
742 3719 765 3752 r.
779 3700 859 3752 Solia.
873 3699 899 3764 l,
917 3701 961 3750 25.
979 3697 1035 3752 Lir.
1053 3697 1080 3763 l,
1098 3703 1152 3752 48:

44 3770 113 3826 Varro
129 3780 161 3844 V,
180 3781 240 3830 159.
272 3777 365 3828 Festus
381 3792 401 3828 s.
417 3792 440 3828 v.
456 3775 583 3828 Patricius
600 3775 678 3826 vicus.
766 3769 828 3819 'alii
844 3765 879 3818 ab
896 3767 1058 3836 aesculetis]
1076 3771 1142 3822 coni.

18 3867 20 3880 ι
45 3843 125 3900 addidi.
159 3849 302 3902 Assentitur
319 3848 430 3900 Buusen.
448 3865 474 3914 p.
492 3851 553 3898 696.
670 3840 771 3906 Lucus]
789 3855 830 3905 vg.
849 3845 875 3892 et
893 3857 915 3892 c.
933 3845 962 3890 ut
982 3839 1033 3894 rid.
1069 3840 1143 3892 lacus

45 3914 125 3970 GHab.
159 3918 235 3978 lucas
252 3918 283 3970 F.
301 3925 328 3970 et
340 3923 453 3984 excerpt.
473 3916 632 3968 Cassiuense.
737 3909 881 3974 diciturJa.
902 3916 929 3963 et
947 3917 1060 3978 excerpt.
1078 3912 1143 3962 Cas-

45 3983 141 4040 sinense.
158 4006 207 4042 om.
224 3995 284 4042 cett.
383 3987 533 4052 Facutalis]
545 3981 750 4054 falcultalisG.
780 3979 918 4048 facutalis
931 3987 991 4034 cett.
1015 3979 1142 4050 ,faguta-

46 4049 74 4104 llt
88 4073 127 4122 vg.
161 4060 281 4112 Fortasse
298 4076 330 4112 an
344 4061 427 4112 Varro
444 4057 470 4108 in
487 4055 597 4122 sanquis
613 4053 755 4106 nominibus
772 4052 897 4104 interdum
913 4057 1038 4106 vetustam
1056 4049 1144 4104 tuera-

46 4128 130 4193 turen,
153 4130 178 4182 in
196 4147 278 4198 quac
301 4147 349 4198 pro
360 4147 385 4196 g
402 4134 472 4192 erat,
494 4127 641 4191 servaverit.
673 4124 751 4176 Certe
766 4124 851 4198 §.aa
866 4121 1019 4194 jacutaleua
1041 4137 1144 4175 urran-

48 4193 98 4248 duu
114 4208 180 4254 erate
207 4217 348 4268 quanquam
366 4197 491 4268 ficulinis
513 4203 601 4250 contra
619 4195 697 4247 libros
714 4191 825 4247 scribere
842 4208 892 4244 non
915 4191 1005 4246 audeo.
1058 4251 1062 4260 ι
1116 4199 1145 4240 et

48 4274 100 4320 aaa
115 4271 266 4342 Querquet.]
284 4273 349 4325 coni.
367 4270 461 4324 addidi.
495 4263 916 4336 camerancensis
1009 4261 1145 4328 aaacjltb.

48 4340 132 4393 ataid
166 4359 233 4394 unae
251 4344 286 4397 H.
322 4359 373 4394 une
390 4359 412 4394 c
447 4338 517 4391 uude
533 4339 583 4391 Ga.
721 4381 723 4388 ,
760 4348 763 4354 ’

699 4431 746 4496 2.
