2866 4812
272 241 356 320 226
688 268 807 314 uranu
844 267 990 316 nouus.

272 429 340 506 86.
377 427 522 503 Numeri
555 429 687 528 antiqui
722 427 851 502 habent
883 429 1081 530 analogias,
1121 430 1214 528 quod
1245 431 1369 504 omnibns

273 545 325 608 est
345 557 417 604 una
440 533 627 606 novenaria
651 530 794 630 regula,
823 531 893 605 duo
917 543 1037 624 actus,
1073 542 1144 606 tres
1168 533 1305 632 gradus,
1328 561 1370 606 sex

272 634 456 727 decuriae,
503 658 592 731 quae
627 635 743 708 omnia
779 632 936 708 similiter
975 635 1065 722 inter
1104 660 1141 708 se
1181 634 1368 733 respondent.

272 735 411 835 Regula
434 745 487 808 est
507 761 671 808 uumerus
692 737 918 828 novenarius,
943 735 1039 832 quod
1059 733 1103 807 ab
1125 762 1195 809 uno
1213 736 1255 808 ad
1276 761 1370 808 noven

214 877 259 922 σαι
274 863 354 928 eum
379 838 619 935 pervenimus,
646 862 769 910 rursus
793 836 946 910 redimus
969 837 1014 909 nd
1039 863 1170 933 unum,
1208 849 1241 910 ct
1261 837 1330 908 hinc
1349 848 1371 908 et

210 937 400 1014 'novem
431 949 468 1011 et
497 939 701 1036 nonaginta*
727 950 762 1011 et
794 938 962 1038 nongenti
993 934 1038 1011 ab
1068 965 1139 1010 una
1170 951 1249 1012 sunt
1278 951 1370 1012 natum

272 1041 480 1114 novenaria:
519 1042 571 1112 sic
597 1039 642 1112 ab
668 1043 844 1115 octonaria
869 1051 905 1113 et
929 1037 1091 1114 deorsum
1119 1068 1237 1113 versus
1260 1039 1300 1112 ad
1321 1042 1370 1111 sin·

272 1142 407 1243 gularia
433 1143 648 1240 perveniunt.
775 1139 844 1215 87.
886 1138 1005 1215 Actus
1031 1145 1164 1242 primus
1190 1153 1239 1215 est
1262 1142 1371 1214 abano

273 1245 317 1317 ad
338 1255 531 1342 nongenta,
555 1243 729 1316 secundus
750 1269 771 1315 a
790 1244 883 1317 mille
906 1243 952 1316 ad
973 1257 1148 1344 nongenta
1169 1244 1277 1340 milia,
1302 1242 1370 1342 qnod

273 1346 366 1419 idem
385 1345 522 1418 valebat
544 1372 652 1417 unum
674 1356 709 1418 et
730 1345 838 1440 mille,
867 1355 1054 1445 utrumque
1078 1346 1245 1447 singulari
1264 1348 1369 1418 nominc

210 1447 490 1546 150appellatur3
526 1473 607 1519 nam
633 1457 672 1520 ut
697 1444 823 1520 dicitur
847 1446 930 1522 hoc
963 1475 1118 1543 unum,
1154 1448 1261 1522 hacc
1291 1447 1368 1535 duc,

273 1550 338 1622 'sic
362 1548 450 1622 hoc
474 1548 624 1641 mille,
658 1547 771 1623 haec
797 1548 902 1624 duo*
927 1551 1072 1643 milia,
1111 1561 1147 1624 et
1170 1551 1220 1622 sic
1241 1549 1370 1642 deinceps

271 1650 502 1751 multitudinis
534 1651 571 1722 in
602 1649 740 1725 duobus
770 1651 905 1725 actibus
935 1652 1062 1750 reliqui
1090 1679 1211 1727 omnes
1233 1653 1305 1723 item
1324 1673 1369 1719 nu·

237 1749 241 1756 ’
270 1753 368 1823 meri.
423 1749 565 1822 Gradus
601 1752 787 1850 singularis
816 1765 872 1826 est
904 1756 941 1826 in
975 1765 1124 1853 utroque
1155 1765 1235 1828 actu
1261 1751 1299 1824 ab
1320 1774 1370 1820 uno

210 1851 316 1937 mad
348 1877 498 1945 novem,
543 1850 705 1925 denarius
743 1853 874 1952 gradus
910 1881 930 1926 a
965 1855 1084 1930 decem
1119 1856 1166 1929 ad
1198 1854 1367 1952 nonaginta,

210 1953 254 1965 ““
271 1956 488 2029 centenarius
513 1980 534 2026 a
559 1962 698 2026 centum
722 1955 768 2027 ad
789 1966 975 2054 nongenta.
1029 1957 1084 2032 lta
1107 1958 1218 2031 trihus
1237 1951 1369 2057 gradihus

271 2083 333 2130 sex
361 2056 533 2128 ¹decaniae
569 2054 679 2149 finnt,
726 2067 797 2130 tres
834 2057 1022 2150 miliarice,
1060 2071 1096 2134 et
1133 2071 1204 2133 tres
1237 2060 1366 2128 minores.

270 2154 423 2254 Antiqui
445 2156 499 2229 his
524 2159 676 2232 numeris
701 2158 842 2232 fuerunt
868 2163 1033 2234 contenti.
1153 2159 1219 2254 88.
1250 2155 1305 2232 Ad
1323 2155 1369 2226 hos

271 2260 410 2332 tertium
436 2269 471 2331 et
495 2269 658 2356 qnantum
683 2271 800 2332 actum
826 2258 870 2333 ab
896 2259 1034 2335 deciens
1056 2264 1243 2354 minorem,
1276 2260 1307 2329 *a
1327 2255 1367 2326 de·

270 2361 366 2432 ciens
386 2358 521 2433 miliens
545 2363 709 2434 maiorem
734 2362 928 2456 addentes*,
952 2365 1193 2462 imposuerunt
1212 2357 1366 2447 vocabuit,

271 2487 385 2558 neque
415 2464 569 2556 ratione,
617 2463 680 2538 sed
713 2474 829 2537 tamen
853 2456 934 2537 'non
968 2477 1090 2539 contra
1123 2492 1218 2559 eam,
1255 2463 1293 2535 dc
1318 2480 1368 2556 qut

269 2562 475 2656 scribimus,
510 2564 706 2660 analogian.
768 2567 861 2640 Nam
885 2565 1024 2640 deciens
1049 2594 1131 2641 cum
1157 2569 1285 2641 dicatur
1304 2561 1368 2632 hot

271 2662 475 2754 deciens,
512 2674 551 2737 ut
577 2665 672 2738 mille
696 2666 781 2739 hoc
805 2667 952 2761 mille,
988 2680 1028 2740 ut
1051 2671 1097 2743 sit
1121 2681 1295 2767 utrumque
1316 2663 1368 2732 sint

272 2762 411 2838 casibus
441 2765 558 2860 vociS,
598 2766 754 2842 dicemus
788 2780 827 2843 nt
855 2767 924 2844 hoc
945 2769 1060 2866 mille,
1101 2770 1234 2847 huius
1254 2762 1365 2852 mille,

270 2985 343 3040 uiuis
360 2985 475 3040 locutum
492 2985 572 3042 fuisse
589 2989 705 3055 iudiciis,
723 2992 884 3048 triumvirum
903 2993 1096 3067 (capitalium),
1122 2995 1285 3052 decemvirum
1300 2983 1367 3057 (stliti-

170 3059 174 3068 '
270 3058 318 3110 bus
335 3058 508 3130 indicandis),
534 3064 727 3118 centumvirum.

381 3160 436 3225 86·
459 3176 669 3246 novenariam.
706 3197 759 3232 non
776 3187 936 3251 anteponunt
953 3182 1030 3237 codd.
1138 3182 1242 3256 regula]
1255 3175 1368 3246 scopin

271 3243 382 3318 regulae
400 3245 477 3299 codd.
599 3250 695 3319 unum]
712 3253 747 3306 G.
784 3271 867 3304 unam
885 3261 948 3309 cett.
967 3256 1043 3310 codd.
1157 3266 1185 3307 et
1202 3254 1270 3318 dinc]
1287 3265 1322 3315 vg·
1349 3249 1367 3290 d

272 3315 320 3383 (¹⁸t
336 3315 429 3384 ΕΜ)
452 3318 478 3369 V
493 3314 556 3368 him
574 3320 650 3376 codd·
800 3343 892 3379 novem
909 3336 937 3378 et
954 3325 1133 3400 nonaginta*]
1151 3328 1218 3381 coni.
1236 3317 1366 3394 Speugdiun

271 3389 319 3439 IX
335 3387 407 3457 (LX
423 3387 516 3457 GHa.)
534 3397 562 3440 et
580 3390 656 3445 codd.

383 3488 437 3554 87.
459 3504 498 3554 ad
508 3505 654 3576 nongenta]
666 3523 708 3575 vg.
736 3506 775 3559 od
788 3507 865 3564 dcccc
879 3527 903 3566 a.
932 3511 1027 3564 “dcccc
1037 3513 1071 3567 G.
1099 3513 1176 3566 dcccc
1188 3511 1245 3567 PH.
1306 3496 1367 3581 midc]

271 3573 347 3628 For.
382 3575 479 3630 Postea
497 3576 573 3627 addc
589 3593 623 3630 ex
640 3579 676 3634 G.
694 3585 806 3648 nentur.
920 3583 1040 3636 *sic-hoc
1057 3584 1143 3644 mille,
1159 3587 1223 3637 hoec
1239 3577 1306 3646 duo']
1321 3585 1366 3626 eunt

272 3645 367 3698 addidi.
403 3647 528 3701 Similiter
544 3649 692 3718 Scioppius.
815 3649 953 3723 denarius]
971 3670 1013 3721 vg.
1057 3653 1179 3709 denarios
1196 3653 1266 3709 codd.
1355 3653 1367 3686 ⁰

273 3715 360 3768 decem
384 3717 423 3768 od
445 3718 606 3789 nonaginta]
624 3737 667 3788 vg.
710 3721 798 3774 decem
815 3723 854 3773 cd
868 3727 926 3777 LX.
947 3726 1022 3780 codd.
1050 3728 1099 3780 nisi
1116 3728 1186 3795 qnod
1202 3727 1236 3780 H.
1259 3706 1368 3774 deamat

214 3796 222 3808 ⁶
273 3786 332 3839 isac.
420 3787 459 3839 ad
470 3793 617 3861 nongenta]
630 3809 674 3861 vg.
710 3793 786 3846 dcccc
803 3794 880 3848 codd.
994 3796 1137 3865 miliariae]
1151 3798 1246 3867 scripsi.
1278 3786 1367 3844 mitono

272 3857 530 3984 ἓὲῗέὼωπιίἱὶἱανὶαι
547 3876 590 3930 vg.
758 3873 787 3916 et
804 3866 871 3953 trec]
889 3881 932 3935 vg.
968 3875 997 3920 et
1014 3886 1056 3922 res
1072 3870 1149 3925 codd.
1176 3869 1222 3924 red
1238 3867 1267 3921 de
1283 3879 1305 3915 a·
1324 3849 1366 3909 “ihil

245 4099 247 4114 Ι
384 4021 437 4088 88.
457 4034 593 4107 minorem]
606 4042 707 4111 scripsi.
741 4042 854 4096 minores
870 4042 947 4100 codd.
1032 4049 1062 4099 'a
1080 4046 1181 4102 deciens
1198 4042 1291 4098 miliens
1306 4031 1366 4089 muc-

275 4122 329 4158 ran
345 4105 496 4174 addentes]
510 4111 577 4163 coni.
586 4113 686 4180 addidi,
704 4114 796 4169 ductus
813 4117 846 4168 iis
863 4131 930 4183 quae
947 4124 1151 4187 praecesserunt.
1186 4118 1300 4170 Ultimum
1311 4117 1367 4160 von·

276 4175 367 4230 bulum
388 4179 546 4247 omisissem,
573 4183 597 4235 si
621 4200 654 4236 eo
677 4202 766 4240 carere
788 4203 932 4255 possemus.
1056 4191 1163 4255 contra]
1179 4189 1214 4243 H.
1248 4177 1367 4249 contrad

276 4253 339 4302 cett.
352 4246 428 4301 codd.
530 4253 614 4332 'Num
632 4255 745 4322 ἀιοίεηε]
763 4260 855 4326 scripsi
873 4260 998 4316 suadente
1015 4263 1164 4332 Spengelio.
1200 4259 1266 4311 Nam
1281 4247 1366 4303 decenn

276 4320 311 4372 G.
348 4333 411 4372 nom
428 4325 461 4369 ut
478 4315 592 4376 &crenis
610 4324 727 4392 (decenis
743 4327 783 4396 o.)
799 4335 862 4386 cett.
881 4332 956 4387 codd.
