2864 4814
423 171 460 272 g·
492 190 566 258 rao
589 189 637 230 -‘-
667 179 754 258 126·
1098 175 1154 254 le

35 365 237 464 repotia*.
292 362 394 434 Haec
419 373 611 460 possunta
642 375 746 458 pcto,
786 361 880 460 quod
914 359 1028 446 πότος
1057 369 1153 464 potio

34 467 165 540 Graece.
313 461 409 537 125.
447 463 559 562 Origo
587 466 737 561 potionis
762 491 895 563 aqna,
923 467 1018 566 quod
1043 493 1153 568 aequo

34 594 166 640 summa.
230 566 352 640 Fons
384 565 477 640 unde
505 565 664 638 funditur
692 593 712 638 e
741 578 833 640 terra
858 570 1075 667 aquaviva,
1113 583 1154 644 ut

33 669 187 742 fistula
220 693 240 740 a
273 693 343 768 qua
368 667 467 740 iusus
491 693 613 766 aquae.
676 667 750 741 Vas
781 671 953 744 vinarium
984 671 1153 771 grandius

31 773 155 842 sinum
179 768 224 842 ab
246 773 340 863 sinn,
361 769 456 868 quod
478 771 593 842 sinum
615 771 779 842 maiorem
796 774 1024 867 cavationem,
1046 771 1152 872 quam

32 873 143 968 pocula
166 871 355 960 habebant.
418 871 507 944 Item
532 872 644 944 dictae
666 869 896 968 'lepestae,
933 901 1023 975 quae
1048 879 1152 950 ctiam

31 1000 111 1046 nunc
142 974 179 1046 in
213 973 335 1050 diebus
370 974 478 1046 sacris
508 972 651 1050 Sabinis
683 997 769 1046 vasa
799 977 931 1049 vinaria
961 980 998 1050 in
1032 1003 1152 1051 mensa

32 1074 157 1148 deorum
190 1087 272 1150 sunt
299 1077 434 1173 posita3
468 1074 562 1172 apud
587 1077 749 1174 antiquos
779 1077 967 1173 scriptores
995 1076 1151 1154 Graecos

29 1178 131 1250 inveni
165 1177 333 1276 appellari
366 1176 484 1276 poculi
525 1201 637 1274 penus
671 1175 917 1268 terreret
958 1205 1066 1277 quare
1095 1181 1209 1258 vcl129

30 1278 97 1350 inde
116 1280 253 1353 radices
274 1282 311 1352 in
337 1304 460 1378 agrum
485 1276 658 1350 Sabinum
683 1289 719 1351 ct
741 1280 942 1353 Romanum
964 1292 1047 1354 sunt
1069 1307 1150 1380 pro·
1165 1277 1215 1290 ‘—

29 1379 138 1454 iectae.
325 1376 421 1452 124.
464 1379 537 1470 Qui
569 1381 690 1451 viuum
724 1379 855 1453 dabant
886 1393 926 1454 ut
957 1384 1152 1454 minutatim

29 1481 222 1576 funderent,
249 1484 398 1581 aguttis
420 1493 591 1580 guttum
614 1483 852 1580 appellarunt3
885 1486 946 1582 qui
971 1483 1154 1559 sumebant

30 1585 232 1679 minutatim,
274 1609 295 1655 a
329 1583 497 1655 sumendo
518 1583 774 1684 'simpulum
806 1588 1042 1659 nominarunt.
1109 1587 1154 1658 ln

29 1681 159 1760 huiusce
201 1686 318 1761 locum
361 1686 398 1756 in
435 1685 602 1780 conviviis
636 1711 654 1756 e
689 1684 839 1758 Graecia
872 1690 1044 1760 successit
1079 1691 1152 1786 epi-

30 1784 133 1884 chpsis
171 1799 209 1860 et
241 1785 411 1888 cyathus3
460 1787 499 1857 in
537 1785 718 1861 sacrificiis
759 1791 925 1864 remansit
966 1801 1086 1890 pullus
1119 1802 1154 1864 et
1203 1871 1209 1886 ,

30 1888 216 1988 simpulum.

113 2023 209 2099 125.
251 2022 376 2108 Altera
408 2030 544 2101 vasaria
573 2053 692 2100 mensa
718 2041 791 2103 erut
822 2028 958 2127 lapidee
984 2028 1152 2127 quadrata

30 2122 177 2228 oblonga,
200 2155 270 2201 una
294 2129 498 2202 columellar
524 2128 713 2204 vocabatur
735 2129 1012 2204 cartibulum.
1050 2131 1195 2204 Haecoo

30 2227 57 2296 in
78 2229 218 2303 aedibus
245 2228 288 2303 ad
315 2231 550 2330 compluvium
572 2232 665 2329 apud
689 2232 816 2304 multos
837 2259 892 2306 me
916 2259 1025 2331 puero
1044 2255 1210 2331 pone-120

29 2324 115 2402 batur
139 2343 174 2405 et
199 2333 236 2403 in
259 2358 300 2405 ea
326 2345 360 2404 et
386 2358 466 2405 cum
492 2359 532 2404 ea
559 2359 665 2404 aenea
684 2355 779 2405 vasa.
833 2331 872 2406 Α
896 2334 1049 2433 gerendo
1077 2359 1152 2406 car·

28 2428 142 2526 libum,
182 2433 275 2506 unde
299 2432 505 2507 cartibulum
531 2446 609 2532 post
633 2434 777 2505 dictum.

114 2573 209 2652 126.
245 2579 431 2653 Praetereo
456 2591 530 2654 erat
552 2581 691 2654 tertium
713 2607 824 2680 genus
845 2607 984 2658 mensae
1009 2596 1044 2656 ct
1063 2586 1215 2683 qua-27
1298 2637 1306 2646 ·

31 2671 132 2753 declae
153 2706 340 2776 vasorum,
367 2692 529 2756 vocatum
551 2684 799 2777 ursarium,
824 2683 918 2782 quod
939 2711 1046 2789 urnas
1072 2713 1153 2762 cum
1234 2768 1236 2774 ,

30 2900 138 2968 repertu]
155 2904 224 2957 coni.
248 2914 346 2972 pratee
363 2905 438 2958 codd.
465 2923 549 2974 pecco
561 2905 707 2958 Turnebus.
741 2906 848 2974 poteria
873 2910 1006 2975 proposuit
1027 2909 1151 2976 Spengel.
1210 2951 1213 2956 .

29 2965 83 3022 lllvd
104 2977 201 3044 sumpsi
220 2992 236 3028 c
255 2979 312 3028 loco
338 2977 414 3028 simili
431 2975 484 3041 Vi,
502 2981 545 3029 84.
594 2995 690 3044 poma,
719 2979 788 3043 quod
813 2995 856 3044 vg.
875 2980 993 3045 ponitur,
1021 2979 1153 3031 derivatur

31 3042 117 3102 quidem
135 3048 214 3098 etiam
234 3064 250 3098 a
268 3054 347 3115 potu,
375 3048 408 3100 de
425 3048 460 3101 R.
483 3049 517 3100 R.
537 3048 565 3111 Ι,
582 3051 642 3112 31.,
672 3049 719 3100 sed
741 3049 768 3098 id
793 3047 853 3100 huie
876 3051 934 3100 loco
952 3051 1036 3108 mirms
1053 3057 1151 3118 aptum.
1256 3079 1258 3082 ·
1366 3066 1370 3082 ¹

31 3117 123 3190 ppulo]
141 3117 259 3184 intellige
276 3136 292 3170 a
309 3115 390 3184 πότῳ.
426 3119 480 3172 Sed
495 3120 614 3172 Graecae
631 3121 702 3171 vocis
719 3121 788 3170 nulla
804 3125 864 3172 suut
874 3121 991 3187 vestigia.
1017 3120 1054 3174 Et
1067 3124 1152 3176 Varro

32 3195 75 3245 lpse
91 3188 218 3242 interdum
236 3191 339 3242 Graece
356 3191 457 3242 Latinis
474 3191 556 3242 literis
573 3192 707 3257 scripsisse
725 3191 833 3244 videtur.
953 3189 1042 3261 πότος]
1062 3195 1153 3262 scripsi

32 3266 76 3307 coln
92 3259 214 3327 Spengel.
246 3271 327 3330 putor
344 3261 402 3314 FG.
439 3280 458 3312 π
475 3262 510 3314 H.
539 3277 590 3313 om.
608 3263 650 3316 ub.

128 3371 204 3438 123.
231 3384 319 3436 dictos
336 3385 462 3455 lepcrtoe]
480 3387 581 3454 scripsi.
618 3383 691 3434 dicta
702 3385 816 3453 flepeste
833 3386 879 3438 Fe.
923 3385 1011 3436 dictae
1021 3386 1153 3453 stepestoe

32 3450 80 3504 GH.
99 3453 215 3525 depestae
230 3472 280 3511 om.
295 3458 320 3510 b.
358 3458 430 3508 dicta
449 3457 546 3528 lepeste
564 3457 670 3525 Sciopp.
709 3456 782 3506 dieta
795 3457 904 3526 depecta
923 3473 967 3523 vg.
1003 3457 1043 3510 De
1061 3455 1152 3508 iisdem

33 3527 86 3576 vasis
102 3529 184 3582 Varro
204 3530 237 3581 dc
255 3530 316 3582 Vita
334 3531 365 3584 P.
384 3530 418 3583 R.
437 3529 457 3583 l.
499 3525 550 3580 Uli
574 3539 635 3579 etot
658 3527 751 3580 vinum
774 3529 804 3578 in
828 3545 919 3578 mensa
938 3527 1075 3595 positum,
1101 3536 1152 3578 aut

33 3588 154 3660 lepertcm,
173 3610 226 3651 out
242 3599 390 3672 galeciam,
409 3609 459 3652 out
478 3600 565 3651 cirrum
584 3597 722 3652 dicebant:
748 3599 804 3650 trio
821 3599 889 3649 enim
903 3615 954 3666 pro
968 3596 1065 3670 qeibus
1081 3616 1153 3649 nunc

33 3671 220 3738 orratepicron.
267 3673 443 3725 servaverunt
466 3671 530 3724 bace
553 3671 700 3724 Priscianus
718 3671 763 3724 vl.
782 3687 807 3738 p.
821 3673 882 3722 714.
919 3669 1019 3722 Nonius
1037 3685 1058 3722 s.
1073 3686 1096 3721 v.
1115 3671 1152 3748 si-

33 3747 88 3792 lum.
127 3743 234 3796 Servius
258 3743 292 3796 ad
317 3745 391 3810 Virg.
415 3744 507 3796 Bucol.
531 3743 583 3807 VI,
605 3747 649 3796 33.
695 3742 819 3807 Idemque
842 3741 926 3793 Varro
950 3741 1043 3793 eodem
1069 3741 1151 3794 libro:

33 3802 128 3873 lepirtee
144 3814 227 3864 etiam
244 3832 315 3866 nunc
333 3813 491 3866 Sabinorum
509 3813 592 3883 furris
607 3810 813 3882 pauperioribus
828 3811 964 3883 plerisque
983 3821 1034 3862 out
1047 3811 1152 3879 fictiles

34 3889 84 3928 rent
101 3894 149 3936 aut
168 3891 263 3940 atnoe.
299 3885 399 3939 Nonius
417 3901 437 3937 s.
451 3902 475 3939 v.
493 3887 608 3952 lepistae.
724 3880 865 3949 λεπαστάν]
880 3886 946 3936 coni.
982 3885 1151 3936 dinoscere.

34 3947 143 4006 t'ralrrev
161 3957 196 4008 H.
235 3957 369 4026 <lopertum
387 3957 445 4009 Fe.
470 3972 520 4009 cm.
534 3957 561 4010 b.
596 3956 664 4010 lllud
681 3956 843 4020 vocabulum,
862 3963 949 4008 notum
966 3972 1001 4008 ex
1018 3955 1153 4008 comoedia

34 4019 112 4089 Attica,
129 4027 212 4080 Varro
225 4043 240 4080 e
254 4031 343 4082 Siculo
357 4031 434 4096 putta
451 4029 590 4096 sumpsisse
604 4027 713 4080 videtur.
735 4027 795 4079 Vox
813 4029 925 4080 δεπέστα
943 4034 1016 4082 caret
1033 4032 1108 4081 teste.

129 4137 202 4202 124.
227 4151 294 4220 Qui]
312 4152 345 4206 el.
364 4152 432 4204 dicta
450 4152 482 4203 ad
500 4153 524 4216 5.
539 4155 582 4203 nr.
835 4105 847 4138 x

133 4254 206 4322 126.
224 4270 358 4334 vocatam]
378 4269 459 4324 suasit
478 4269 600 4336 Spengel.
637 4277 751 4320 vocatur
767 4270 842 4322 codd.
956 4269 1093 4335 oriretur]
1111 4285 1152 4334 eg.

691 4367 712 4430 4
