2866 4812
480 253 518 358 §-
547 260 597 342 eo
618 295 666 312 -
690 269 752 352 oo·
1106 255 1190 332 aar

62 447 109 518 sic
137 445 206 520 hoc
235 409 399 535 deciens,
436 440 574 516 huius
610 442 820 536 deciens,
861 467 973 544 neque
1003 469 1044 519 eo
1075 449 1251 547 miuussas

60 551 94 619 in
124 547 256 641 altero,
297 544 394 643 quod
426 555 480 618 est
509 543 626 638 mille,
668 569 922 645 praeponemus
955 545 1002 620 hi
1039 549 1188 645 mille,

60 647 210 724 horum
241 647 377 722 mille.

334 783 335 792 ι
396 768 419 812 s
619 771 641 814 s
831 777 851 813 s

107 907 110 912 ·
158 887 229 961 89.
274 887 451 980 Quoniam
475 888 512 959 in
537 913 579 962 eo
604 898 656 962 est
687 913 813 962 nomen
846 913 1049 981 commune,
1085 889 1254 989 quamdi)

58 1003 180 1065 vocant
204 986 434 1089 ὁμωνυμίαν,
464 988 598 1088 obliqui
626 1015 726 1062 casus
751 989 795 1061 ab
821 989 942 1063 eodem
969 992 1103 1089 capite,
1129 990 1191 1063 uhi

58 1095 120 1166 erit
153 1089 364 1192 ὁμωνυμία,
399 1092 492 1190 *quo
523 1093 637 1166 miuus
670 1090 853 1163 dissimiles
885 1091 993 1186 fiant,
1032 1093 1191 1194 analogia

59 1221 129 1268 non
151 1194 324 1294 prohibet.
378 1193 502 1291 Itaque
527 1192 675 1265 dicimus
701 1191 760 1264 hic
779 1188 949 1292 Argus,
977 1219 1057 1266 eum
1079 1193 1191 1266 homi·

58 1322 136 1368 nem
161 1297 331 1388 dicimus,
368 1321 449 1368 eum
474 1293 662 1393 oppidum,
690 1293 905 1367 Graecanice
927 1293 996 1367 hoc
1020 1291 1189 1396 Argos,

58 1419 136 1469 cum
157 1398 283 1471 Latine
302 1396 455 1498 Argei.
508 1397 600 1468 Item
625 1395 808 1489 faciemuS,
836 1398 867 1469 si
887 1395 1007 1469 eadem
1032 1423 1101 1468 vox
1125 1423 1189 1469 no·

57 1525 136 1571 men
169 1512 204 1573 et
228 1498 375 1572 verbum
401 1497 632 1598 significabit,
671 1508 711 1569 ut
735 1507 771 1569 et
795 1500 833 1568 in
858 1523 958 1570 casus
983 1508 1018 1572 ct
1042 1499 1080 1568 in
1105 1509 1191 1570 tem-

56 1625 141 1697 pora
168 1601 377 1701 dispariliter
398 1599 610 1691 declinetur,
639 1611 678 1670 ut
700 1596 869 1672 faciamus
890 1625 910 1670 a
930 1594 1069 1690 Meto,
1098 1598 1253 1698 ‘1¹¹⁰‘l522

55 1727 182 1774 nomen
205 1714 275 1796 est,
302 1702 524 1796 Metonis,
550 1700 797 1796 Melonem,
832 1700 927 1799 quod
951 1699 1097 1773 verbum
1122 1711 1191 1793 est,

53 1814 235 1899 metam,
262 1800 491 1878 metebam.
923 1823 925 1826 ·

157 1943 226 2020 90.
259 1945 546 2046 Reprehendunt,
573 1971 654 2020 eum
676 1946 721 2020 ah
742 1946 863 2020 eadem
883 1973 970 2024 voce
989 1948 1092 2047 plura
1110 1941 1255 2022 suncti

58 2045 229 2122 vocabula
264 2048 460 2140 declinata,
513 2073 601 2146 quas
644 2047 875 2148 συγωνυμίας
912 2050 1111 2149 appellant,
1153 2061 1194 2122 nt

57 2148 242 2248 Sappho
273 2151 325 2223 'et
353 2148 599 2248 Psappha*,
633 2162 669 2224 et
693 2146 898 2226 Alcaeus
927 2165 964 2226 et
992 2148 1192 2245 Alcaeo,

58 2252 109 2323 sie
136 2251 338 2352 Geryon,
367 2248 657 2350 Geryoneus,
687 2250 943 2353 Geryones:
968 2255 1010 2325 rin
1034 2252 1103 2328 hoc
1129 2263 1268 2352 εει-140)

60 2377 163 2446 nere,
203 2352 299 2452 quod
334 2376 438 2424 casus
470 2375 653 2449 perperam
687 2363 885 2449 permutant
921 2353 1086 2450 quidam,
1123 2380 1196 2426 nou

59 2453 317 2551 reprehendunt
348 2452 553 2550 analogian,
590 2452 654 2524 sed
675 2455 738 2551 qui
766 2455 816 2528 eis
844 2465 990 2526 utuntur
1019 2456 1191 2552 imperite.

59 2552 165 2644 Quod
206 2558 355 2655 quisque
394 2566 499 2654 eaput
536 2552 802 2652 praehenderit,
844 2557 944 2654 sequi
979 2553 1082 2630 dehet
1117 2557 1193 2629 eius
1206 2572 1260 2644 ⁵32

58 2659 306 2835 diddiludehlld
331 2654 1257 2861 ddidseilcalhhnnidddhhdpdidodicdardeldlcahdldi151

136 2788 167 2833 ¹⁸¹
606 2808 619 2854 a

168 2981 222 3048 89.
249 2997 381 3069 Quoniam
397 2995 427 3051 in
444 2996 486 3064 ec]
510 2999 600 3052 Possis
623 2999 752 3052 scribetur
779 2999 865 3070 Quom
889 2997 919 3050 in
943 3007 1016 3050 recto
1041 3014 1116 3052 casu.
1159 2999 1197 3052 At

60 3062 122 3121 haec
153 3077 252 3123 temere
280 3067 401 3121 invehere
425 3069 509 3135 nolui,
546 3068 593 3122 sed
620 3071 782 3122 verisimilius
811 3067 903 3134 habui,
930 3070 1008 3121 etiam
1039 3069 1107 3122 iuter
1130 3066 1197 3124 hanc

61 3136 238 3206 disputationis
262 3146 362 3209 partem
381 3145 408 3192 et
425 3141 495 3192 illam
514 3139 547 3192 de
564 3141 677 3192 numeris
701 3139 828 3205 quaedam
851 3139 1028 3207 intercidisse,
1053 3141 1147 3208 quibus
1165 3157 1197 3196 ea

60 3223 127 3273 quae
145 3212 171 3266 h.
187 3215 205 3266 1.
225 3213 336 3278 legimus
354 3211 582 3281 praeparabantur.
619 3211 660 3263 Gi.
680 3209 758 3276 VIII,
777 3214 820 3264 68.
976 3205 1132 3278 ὁμωνυμίαν]
1151 3228 1195 3278 vg.

61 3282 229 3354 omonimyan
245 3282 304 3336 ΕΗ.
340 3281 515 3350 omonimyam
532 3284 567 3334 G.
602 3281 746 3350 omonyniei
763 3298 786 3335 a.
814 3279 940 3334 Similiter
957 3289 1056 3350 postea.
1128 3281 1196 3352 *quo

61 3350 157 3420 minus]
174 3371 217 3421 vg.
260 3351 360 3424 obliqui
383 3369 463 3404 casus
488 3371 541 3423 quo
562 3351 651 3404 minus
675 3352 751 3406 codd.
793 3353 886 3406 Priora
902 3353 981 3406 verba
998 3353 1088 3418 omisi,
1112 3367 1197 3420 quau-

62 3435 135 3485 quam
163 3430 271 3494 propter
303 3425 433 3478 defectum
459 3423 665 3477 antecedentium
694 3425 777 3476 omnis
809 3423 852 3478 hie
883 3425 957 3476 locus
983 3423 1117 3477 obscurior
1144 3430 1195 3476 est.

63 3491 231 3565 Graecanica]
254 3497 327 3550 Pius.
368 3495 555 3566 graeconcerie
573 3495 604 3548 F.
646 3513 825 3566 grecaneoene
843 3494 879 3547 H.
897 3537 900 3544 .
920 3511 1045 3564 graecam
1064 3511 1143 3546 carne
1160 3497 1194 3548 G.

62 3557 91 3612 ln
108 3581 132 3618 a.
150 3565 276 3636 quaedam
295 3568 397 3620 desunt.
509 3565 608 3637 Argea]
626 3566 662 3619 H.
698 3567 771 3637 Argi
789 3572 852 3620 cett.
870 3566 949 3620 codd.
1044 3583 1138 3616 nomen
1154 3565 1194 3630 et]

62 3628 131 3711 Idus
167 3640 285 3691 nominet
304 3636 380 3691 codd.
407 3635 454 3690 sed
473 3634 507 3690 de
524 3654 548 3690 a.
574 3652 626 3691 nou
648 3643 757 3693 constat.
924 3634 1103 3708 sigmfirobit]
1121 3636 1194 3690 Pius.

61 3707 226 3774 rtgmfieavit
247 3709 323 3763 codd
351 3709 401 3761 nisi
419 3707 487 3762 sorte
504 3725 529 3762 a.
553 3709 618 3762 illud
635 3707 721 3762 habet.

170 3829 223 3895 90.
245 3836 415 3908 consumantur]
429 3857 472 3908 vg.
508 3839 673 3911 sinonymiee
688 3841 720 3894 F.
756 3836 920 3910 sinonimyus
930 3837 964 3890 G.
990 3835 1015 3888 si
1030 3835 1151 3889 nominoe
1167 3855 1191 3890 a.

62 3918 111 3961 om.
123 3909 159 3966 Η.
253 3916 292 3964 *et
309 3913 462 3982 mappae]
481 3914 548 3965 coni.
565 3913 666 3977 addidi,
684 3912 804 3980 quoniam
821 3911 930 3963 alteram
948 3908 1060 3962 Lesbiae
1077 3911 1192 3976 poetriae

62 3982 168 4037 nominis
192 3985 301 4039 sormam
325 3983 452 4040 excidisse
477 3985 504 4035 iu
518 3991 610 4052 aperto
621 3975 682 4049 xest,
708 3982 787 4035 fuisse
803 3988 891 4036 autem
907 3980 983 4033 huius
1000 3980 1110 4032 nominis
1126 3975 1191 4031 dno.

63 4051 204 4128 ξοριστικδν
224 4051 324 4117 winae
341 4055 412 4125 (eliis
432 4049 525 4115 Ψάπφε
542 4054 650 4121 dieitur)
667 4070 703 4108 ex
718 4053 835 4120 Etymol.
849 4054 890 4107 M.
907 4069 932 4120 p.
946 4053 1014 4116 486,
1032 4053 1077 4104 41.
1094 4051 1191 4106 dudum

63 4123 218 4182 lutelleetum
237 4133 285 4182 est.
314 4129 347 4182 V.
366 4124 511 4194 Sepphoris
528 4125 672 4194 fragmenta
690 4125 732 4178 ed.
750 4125 826 4178 Neue
843 4143 869 4194 p.
881 4128 924 4177 18.
940 4123 984 4174 24.
1048 4164 1053 4186 ,
1073 4123 1191 4193 Geryon]

64 4199 104 4254 lg·
139 4201 231 4265 gerion
248 4198 325 4253 codd·
349 4198 431 4250 etsie
449 4196 475 4249 in
493 4212 565 4262 seqq.
631 4209 634 4216 '
678 4195 843 4267 Geryoneae]
860 4195 960 4264 scripsi.
998 4189 1189 4264 pertenuem.

62 4261 174 4323 gerionis
192 4271 254 4324 GH,
343 4266 563 4336 ,praehenderitJ
581 4267 654 4321 FGs.
687 4265 853 4336 pretendunt
871 4267 906 4321 Η
996 4264 1200 4335 consequentis}

65 4332 152 4401 *clipei
168 4347 275 4396 auctore
291 4339 442 4411 epangelia.
479 4337 649 4410 comparanti
665 4339 741 4394 codd.
840 4337 937 4403 dicere]
955 4339 1001 4388 aut
1016 4333 1066 4388 hoc
1083 4334 1190 4388 eiicien-

757 4433 835 4502 15*
