2890 4820
271 263 374 331 auxil
699 266 974 312 rnaasarro

273 449 340 505 tum
367 429 529 504 hocloco
555 428 655 496 minus
677 427 753 496 utile
773 427 891 506 risum,
919 437 986 497 tum
1008 435 1082 513 post
1103 425 1230 500 doctam
1258 453 1403 519 operam,
1442 505 1443 518 1

270 542 369 608 quam
397 512 587 668 Spengelius
614 516 646 582 in
674 535 714 580 ea
741 535 778 579 re
796 511 927 664 posuit,
962 533 1241 600 supervacaneum.
1293 518 1404 584 Rho-
1442 519 1443 548 ¹

273 603 415 672 landel
442 625 504 668 um
540 598 758 687 interpolatam
827 598 965 684 omponii
999 597 1188 685 scripturam
1222 624 1320 704 saepe
1360 602 1405 670 ad
1442 595 1443 604 ¹

272 691 429 758 saniorem
451 687 585 756 sormam
606 685 768 752 meliorum
788 682 936 750 codicum
958 704 1143 764 revocasse,
1165 687 1403 774 Baptistam
1442 699 1443 760 i

273 777 390 848 Pium
419 783 453 840 et
481 771 727 838 Michaelem
753 769 978 836 Bentinum
1008 770 1173 838 nonnullos
1203 771 1291 842 locos
1323 796 1402 840 con·
1442 771 1443 842 l

273 863 395 926 iectura
423 879 569 936 sanasse,
599 854 819 922 Adrianum
842 855 1079 922 Turnebum
1107 865 1173 922 tum
1201 857 1280 939 libro
1308 859 1402 946 probi
1442 843 1443 904 l

205 953 206 956 ’
275 944 388 1011 coloris
412 943 553 1009 adhibito
574 952 641 1008 tum
663 941 816 1028 egregio,
847 961 910 1026 quo
932 937 1072 1017 valebat,
1101 943 1246 1014 acumine
1268 954 1300 1010 et
1322 968 1402 1010 sano

270 1031 392 1096 iudicio
421 1028 566 1099 omniumx
590 1026 742 1093 maximos
773 1026 805 1091 in
834 1023 1034 1090 emendando
1063 1026 1209 1092 Varrone
1260 1029 1401 1096 refectus
1442 1099 1443 1102 ,

274 1117 407 1193 fecisse,
438 1115 671 1200 Gasparem
698 1111 795 1178 Scio
834 1111 959 1198 pium,
989 1108 1097 1175 Ursini
1125 1123 1158 1179 ot
1183 1136 1221 1179 co
1245 1115 1347 1182 ioibus
1371 1126 1402 1180 et

273 1201 421 1267 doctrina
452 1198 613 1278 adiutum,
655 1193 758 1264 multis
798 1133 876 1261 lbcis
916 1217 954 1260 ea
984 1198 1210 1345 proposuisse,
1250 1222 1334 1287 quae
1370 1201 1402 1264 in
1442 1233 1443 1274 q

273 1286 416 1352 ordinem
439 1283 621 1370 recipienda
643 1293 766 1364 essent,
788 1291 900 1368 gratus
923 1303 982 1347 con
1008 1293 1095 1347 teor:
1125 1294 1283 1351 attamen
1305 1307 1401 1366 nunc,

275 1383 441 1461 postquam
462 1379 664 1456 perspectum
687 1378 752 1446 est,
784 1366 897 1451 quibus
919 1366 1131 1434 fundamentis
1152 1370 1402 1457 superstruenda

273 1458 315 1524 sit
341 1459 423 1521 iusta
454 1454 567 1518 horum
599 1451 750 1517 librorum
778 1452 899 1530 forma,
942 1453 1086 1518 omnibus
1116 1453 1163 1520 his
1191 1455 1309 1522 criticis
1337 1478 1401 1522 non

274 1554 424 1628 tanquam
456 1537 589 1605 ducibus
620 1539 652 1602 in
684 1541 760 1605 Arte
792 1534 972 1602 exercenda
1000 1538 1300 1625 obtemperandum,
1343 1541 1401 1606 sed

274 1626 406 1713 siugulis
427 1633 548 1689 tantum
570 1621 647 1688 locis
669 1622 847 1688 delumine
867 1644 978 1688 eorum
996 1634 1138 1690 nostrum
1159 1623 1401 1690 accendendum
1442 1711 1443 1714 Ἴ

275 1722 333 1777 est.
384 1707 606 1796 Iosephum
634 1706 957 1792 Scaligerumiu
982 1709 1044 1775 bac
1067 1711 1300 1798 nuncupatione
1325 1733 1403 1776 con·
1442 1717 1443 1772 l

276 1795 358 1862 culto
382 1793 488 1871 omisi,
519 1814 700 1879 quanquam
722 1790 873 1858 nonnullis
896 1791 973 1858 locis
997 1815 1103 1859 veram
1125 1818 1198 1862 eum
1221 1795 1401 1884 intelligens

275 1879 459 1947 adhibuisse
480 1876 685 1944 medicinam:
713 1877 745 1942 in
766 1876 945 1942 universum
972 1887 1077 1944 tamen
1107 1882 1281 1948 aestimanti
1306 1881 1402 1948 huius

276 1967 333 2030 riri
366 1963 563 2052 praeclarum
590 1963 753 2049 ingenium
780 1961 984 2028 exsultavisse
1012 1964 1114 2050 magis
1143 1966 1175 2030 in
1197 1965 1343 2032 doctrina
1371 1979 1403 2033 et

276 2062 445 2140 poetarum
474 2047 661 2114 Latinorum
694 2049 957 2135 Graecorumque
989 2049 1150 2136 multiplici
1179 2051 1314 2119 lectione
1346 2075 1402 2118 ex-

299 2133 440 2212 licanda‚
475 2154 569 2218 quam
600 2133 641 2198 ad
668 2133 727 2198 hos
751 2132 901 2199 Varronis
927 2133 1023 2200 libros
1052 2135 1268 2204 emendandos
1298 2137 1401 2205 aciem
1442 2149 1443 2180 ¹

276 2219 446 2288 intendisse
467 2217 631 2284 videbitur.
681 2217 767 2293 Quid
790 2216 876 2306 quod
896 2239 959 2282 nou
983 2241 1057 2285 raro
1080 2244 1137 2287 sua
1165 2223 1233 2309 ipse
1254 2222 1401 2290 doctrina

276 2305 445 2383 seductus,
467 2326 548 2391 quae
570 2303 669 2368 oculis
692 2304 836 2372 subiecta
855 2315 887 2370 et
926 2325 1003 2370 rona
1024 2303 1068 2371 ad
1085 2306 1277 2375 intellectum
1297 2323 1400 2389 erant,

276 2416 297 2458 e
322 2391 494 2493 loqginquo
522 2389 627 2476 petitis
655 2389 833 2477 postponit;
868 2327 960 2456 veluti
988 2412 1061 2457 cum
1089 2391 1128 2471 V,
1149 2393 1219 2459 153.
1247 2394 1279 2459 iu
1307 2416 1402 2460 versu

275 2476 423 2544 Plautino
444 2474 619 2564 scripturae
640 2471 691 2541 ed.
713 2475 811 2562 princ.
834 2484 867 2540 et
888 2473 1086 2540 Rbolandelli
1106 2475 1274 2557 adventu,
1304 2501 1402 2566 quam
1442 2485 1443 2560 l

276 2563 448 2629 Turnebus
472 2559 586 2626 eodem
613 2573 756 2647 tempore
782 2559 956 2624 rectissime
980 2561 1129 2626 tuebatur
1157 2574 1194 2628 et
1214 2563 1402 2652 explicabat,
1442 2591 1443 2650 3

276 2647 407 2713 alteram
435 2645 653 2731 interpolatam
681 2644 730 2707 od
753 2645 879 2708 vec-tim
934 2645 1067 2723 melem,
1109 2667 1243 2735 eamque
1280 2672 1401 2736 magna
1442 2659 1443 2732 l

277 2731 442 2797 doctrinae
468 2729 560 2816 copia
586 2739 717 2794 exornat
743 2738 776 2795 et
802 2727 953 2794 delenit
996 2732 1036 2796 At
1059 2752 1152 2812 vero,
1184 2733 1211 2799 si
1235 2734 1299 2800 hoc
1327 2735 1401 2802 loco

276 2814 434 2904 quaedam
456 2811 498 2878 do
525 2836 563 2879 ea
583 2835 620 2878 re
646 2812 766 2879 addere
790 2813 879 2894 licet,
909 2815 1022 2884 verba:
1055 2815 1169 2880 circus
1189 2831 1304 2884 noster
1326 2843 1403 2886 ecce

275 2901 386 2988 adest,
406 2921 447 2965 ne
469 2921 512 2967 ue
532 2898 574 2964 de
594 2897 666 2985 palo
689 2898 721 2963 in
744 2897 847 2964 medio
867 2893 971 2986 posito
993 2899 1055 2965 dici
1080 2911 1265 2988 potuerant3
1293 2925 1402 2993 neque
1442 2925 1443 2930 ’

276 2984 430 3052 eiusmodi
449 2922 573 3050 (ludum
605 2984 636 3050 in
672 2983 777 3049 fabula
814 2995 919 3050 actum
956 3007 1026 3052 esse
1061 2987 1245 3072 probabile:
1286 3005 1400 3060 contra

275 3071 420 3151 militem,
455 3080 549 3157 quem
576 3069 695 3136 caeteri
721 3069 942 3150 ludificabant,
974 3071 1077 3158 ipsum
1106 3071 1169 3138 dici
1198 3075 1335 3156 circum,
1366 3076 1401 3142 id

275 3157 421 3243 profecto
444 3177 478 3218 sa
501 3157 526 3221 it
551 3155 688 3222 comicos
712 3154 802 3222 sales.
851 3156 1060 3244 Quapropter¹
1074 3155 1116 3224 de
1136 3159 1216 3226 vecti
1245 3155 1277 3224 in
1299 3183 1399 3227 anno-

275 3240 396 3308 tatione
417 3178 500 3304 nihil
510 3240 619 3326 posui,
645 3263 717 3305 cum
734 3241 834 3306 varias
855 3241 1035 3307 criticorum
1053 3242 1214 3329 opiniones
1234 3247 1401 3332 exagitare

215 3405 218 3412 Ι
275 3325 339 3392 mei
367 3323 498 3392 instituti
525 3346 597 3388 esse
624 3347 686 3391 uon
714 3338 830 3414 posset.
883 3326 967 3394 Post
993 3338 1129 3394 aetatem
1160 3330 1400 3418 Scaligerorum

276 3434 371 3499 quam
393 3411 496 3494 longa
523 3406 618 3476 fuerit
645 3409 758 3478 borum
784 3411 935 3478 librorum
962 3413 1073 3488 oblivio
1102 3426 1134 3482 et
1160 3437 1255 3502 quam
1278 3415 1400 3484 diutina

275 3497 414 3578 incuria,
452 3493 593 3582 pluribus
623 3491 731 3560 dicere
759 3496 875 3563 taedet.
929 3499 970 3564 G.
997 3498 1038 3563 D.
1067 3499 1240 3567 Koeleri
1267 3501 1400 3570 Literae

275 3581 406 3648 criticae
426 3581 457 3647 in
475 3580 649 3647 Varronem
671 3579 713 3644 de
733 3578 771 3644 L.
789 3581 827 3645 L.
849 3604 931 3646 anno
952 3581 1239 3652 MDCCLXXXX
1259 3588 1400 3676 scriptae

275 3688 378 3754 pauca
399 3665 567 3744 continent,
591 3664 704 3751 quibus
725 3686 811 3730 nuuc
825 3667 870 3732 uti
890 3667 1010 3753 possis;
1029 3668 1078 3734 bis
1099 3671 1208 3756 paucis
1229 3672 1400 3759 diligenter

274 3774 351 3816 usus
374 3774 452 3818 sum.
495 3751 519 3815 S
527 3749 748 3839 pengelius
771 3772 833 3815 nou
852 3751 946 3817 modo
965 3755 1112 3845 princeps
1132 3755 1206 3838 luit,
1228 3757 1282 3844 qui
1299 3760 1400 3826 iuter-

273 3835 414 3924 polatam
444 3836 593 3904 librorum
625 3835 778 3914 sormam,
819 3858 858 3900 ex
890 3859 953 3924 qua
989 3835 1052 3905 dici
1086 3863 1148 3904 non
1180 3855 1285 3929 potest
1317 3857 1400 3932 quot

275 3943 400 3987 errores
422 3933 455 3986 et
475 3919 546 3985 vitia
566 3921 597 3984 in
617 3933 741 3988 nostros
770 3919 969 3988 historiarum
991 3935 1024 3992 et
1041 3925 1104 3992 anti
1128 3925 1259 3996 uitatum
1287 3950 1399 4017 gram·
1442 3959 1443 3962 ¹

274 4007 473 4094 maticaeque
504 4004 579 4072 artis
610 4005 704 4075 libros
736 4007 895 4072 transfusa
927 4009 1006 4090 sint,
1044 4033 1063 4074 a
1093 3949 1251 4100 plerisque
1284 4037 1398 4083 eorum

275 4093 416 4178 partibus
437 4090 620 4171 removerit;
648 4090 809 4158 sedidem
830 4093 923 4157 etiam
946 4093 987 4158 ad
1009 4117 1115 4160 veram
1137 4097 1268 4166 formam
1289 4100 1398 4167 redin-

276 4176 464 4262 tegrandam
492 4197 554 4242 nou
580 4198 683 4262 pauca
711 4189 804 4243 acute
832 4178 1041 4266 excogitavit,
1069 4203 1155 4282 quae.
1176 4207 1216 4250 ex
1237 4185 1313 4272 lege
1333 4188 1397 4252 mei

275 4262 406 4329 instituti
436 4285 455 4328 a
480 4261 660 4330 verecundo
691 4261 898 4335 annotationis
926 4286 1117 4330 recessum
1143 4266 1247 4336 lucem
1276 4270 1397 4340 altioris

275 4345 335 4414 loci
357 4347 493 4416 tollenda
512 4357 612 4414 erant.
655 4347 718 4422 Qui
740 4348 785 4414 vir
805 4372 878 4416 cum
899 4347 1163 4425 Emendationum
1185 4356 1399 4426 Varroniana-
