2866 4812
231 231 313 306 228
360 273 363 284 ν
637 255 761 300 srnnn
799 253 944 304 nouus

232 435 267 494 et
298 417 531 492 Aleaeonem:
570 414 664 514 quod
697 419 726 488 si
760 418 956 507 miscuerit,
997 415 1091 488 ‘non
1126 424 1268 492 secutus
1304 417 1368 485 erit

232 522 419 620 analogias.
841 553 843 564 ·
1326 541 1330 554 ⁸

171 638 225 712 52
332 629 398 703 91.
441 627 715 726 Reprehendunt
749 627 1016 720 Aristarchum,
1056 628 1150 725 quod
1182 627 1270 701 haec
1307 655 1369 701 no·

233 738 325 809 anina
349 732 607 807 Melicertes
631 741 667 802 et
688 728 978 802 Philomedes
1003 729 1127 801 similia
1149 743 1254 830 neget
1275 756 1367 820 esse,

154 825 158 840 ’
233 837 328 936 qnod
354 832 502 908 vocandi
527 857 628 904 casus
653 829 758 904 habet
782 832 868 904 alter
892 831 1095 924 Melicerta,
1130 831 1217 905 alter
1242 832 1370 905 Philo·

232 939 372 1010 medes:
404 938 454 1008 sie
476 935 537 1032 qui
557 933 651 1006 dicat
676 933 806 1032 lepus
831 945 865 1005 et
892 933 1023 1032 lupus
1048 959 1118 1006 non
1140 960 1216 1007 esse
1240 935 1369 1024 simile,

233 1039 326 1138 quod
359 1037 498 1109 alterius
533 1034 682 1108 vocandi
716 1061 819 1108 casus
851 1035 1029 1132 sitlupc,
1071 1036 1211 1107 alterius
1242 1035 1368 1132 lepus:

232 1145 283 1213 sic
319 1165 472 1231 socer,
511 1163 678 1229 macer,
718 1137 813 1234 qnod
847 1138 884 1208 in
916 1139 1063 1210 transitu
1094 1137 1155 1208 liat
1183 1136 1227 1210 ab
1259 1139 1372 1210 alteru

232 1240 448 1342 trisyllabum
469 1242 599 1331 soceri,
628 1237 671 1310 ab
694 1239 801 1313 altero
824 1237 1034 1338 bisyllabum
1057 1241 1177 1310 macri.
1300 1237 1368 1309 92.

233 1345 289 1416 De
321 1343 389 1416 hoc
421 1343 487 1415 etsi
522 1367 628 1440 supra
662 1368 865 1438 responsum
891 1351 962 1433 est,
1003 1366 1083 1412 eum
1106 1341 1177 1413 dixi
1206 1337 1369 1427 delam,

173 1446 290 1541 paphie
317 1471 456 1543 qnoque
483 1443 632 1540 amplius
654 1442 821 1537 adiciam,
849 1443 972 1515 similia
999 1468 1069 1515 non
1095 1443 1206 1517 solum
1232 1468 1254 1514 a
1281 1443 1372 1514 facie

232 1547 321 1639 dici,
368 1545 429 1619 sed
461 1547 564 1618 etiam
598 1544 642 1617 ab
680 1545 796 1644 aliqua
828 1547 1014 1619 coniuncta
1047 1547 1082 1618 vi
1116 1557 1150 1616 et
1181 1554 1369 1642 potestate,

231 1673 320 1748 quac
346 1659 380 1720 et
405 1646 516 1720 oculis
548 1657 582 1719 et
615 1645 757 1719 auribus
788 1647 895 1720 latere
926 1646 1082 1744 soleant5
1120 1649 1236 1744 itaque
1265 1673 1372 1743 saepe

232 1751 368 1848 gemina
394 1749 483 1820 facie
507 1746 597 1817 mala
620 1774 786 1845 negamus
808 1774 883 1821 csse
906 1749 1050 1841 similia,
1081 1750 1112 1822 si
1137 1774 1261 1845 sapore
1290 1761 1372 1820 sunt
1422 1775 1423 1830 i

233 1851 320 1922 alio:
367 1850 419 1922 sic
455 1873 565 1946 equos
598 1848 716 1922 eadem
751 1849 840 1921 facie
873 1851 1060 1923 nonnullos
1092 1876 1260 1950 negamus
1297 1876 1373 1922 csse

171 2029 172 2034 ἵ
233 1950 370 2044 similis,
398 1951 428 2022 si
449 1952 586 2022 natione
606 1949 837 2047 exproereaii*
860 1949 1029 2022 dissimili.
1147 1949 1215 2023 95.
1244 1951 1372 2049 Itaque

232 2059 268 2124 in
294 2049 493 2125 hominibus
516 2050 668 2124 emendis
694 2055 724 2124 si
750 2053 886 2124 natione
917 2051 1004 2124 alter
1028 2064 1080 2125 est
1105 2055 1247 2147 melior,
1287 2056 1370 2126 emi·

233 2181 309 2224 mus
343 2153 474 2250 pluris,
511 2163 613 2250 atque
649 2154 686 2223 in
715 2153 814 2225 hisce
838 2153 999 2226 omnibns
1032 2155 1273 2229 similitudines
1302 2185 1369 2228 non

235 2256 401 2326 sumimus
435 2265 569 2326 tantum
602 2279 623 2326 a
653 2253 788 2352 figura,
830 2255 892 2327 sed
926 2257 1028 2328 etiam
1063 2257 1222 2350 aliunde,
1263 2270 1308 2331 ut
1336 2262 1369 2329 in

124 2429 127 2434 ,
234 2358 332 2454 equis
356 2366 463 2449 aetas,
491 2356 593 2428 utin
617 2347 748 2456 gallis*‚
776 2358 995 2454 quoiusmodi
1017 2357 1147 2430 faciant
1171 2360 1305 2459 pullos,
1335 2374 1371 2432 ut

123 2521 125 2526 ,
235 2463 269 2529 in
296 2461 431 2555 pomis,
468 2483 539 2558 quo
564 2459 634 2530 sint
658 2484 776 2532 succo.
831 2459 874 2532 Si
906 2462 1012 2558 igitur
1035 2461 1126 2533 idem
1153 2464 1314 2561 sequitur
1336 2465 1370 2533 in

152 2589 156 2601 ¹
234 2559 457 2633 similitudine
489 2557 675 2634 verborum
707 2563 808 2661 quis,
848 2561 1173 2660 reprehendundum
1202 2589 1275 2636 non
1303 2577 1367 2638 est.
1424 2575 1425 2666 i

236 2762 296 2816 dnm
314 2762 429 2826 videtur,
447 2768 492 2814 ant
509 2761 642 2829 superiore
659 2762 717 2816 loco
729 2761 833 2834 secere.
984 2766 1060 2836 non]
1078 2775 1104 2818 et
1123 2773 1182 2822 onte
1201 2767 1224 2820 ὴ.
1241 2785 1265 2821 v.
1286 2769 1370 2824 deleri

238 2849 294 2888 cnm
315 2835 460 2900 Augustino
479 2839 505 2885 et
521 2833 586 2886 eliis.

347 2925 399 2990 9l.
430 2939 649 3008 Reprehendunt]
672 2942 738 2996 coni.
762 2941 930 3008 Augustinus.
982 2944 1221 3014 reprehendendum
1239 2949 1291 3001 Ha.
1330 2967 1372 3000 re-

234 3008 467 3077 praehendendem
489 3011 547 3064 FG.
589 3011 665 3064 Hanc
680 3009 706 3066 h.
721 3029 744 3068 v.
765 3017 916 3082 scripturam
936 3031 995 3067 eum
1012 3017 1037 3068 in
1056 3018 1113 3070 aliis
1131 3019 1195 3072 locis
1213 3021 1311 3073 offerre
1328 3037 1371 3072 so-

237 3081 291 3134 leat
307 3083 377 3134 solus
395 3083 446 3145 G.,
473 3083 589 3150 recipere
613 3099 670 3137 eam
695 3085 720 3136 in
745 3085 860 3139 ordinem
884 3103 935 3140 non
960 3103 1017 3140 sum
1040 3104 1125 3140 ausus.
1175 3092 1229 3144 Sed
1252 3093 1371 3158 intelligo

238 3168 305 3204 nune
330 3154 407 3204 etium
428 3152 459 3204 F.
484 3155 592 3206 eundem
617 3157 690 3221 sequi
714 3172 820 3210 morem.
867 3159 899 3211 V.
918 3159 1042 3226 Spengel.
1071 3177 1094 3227 p.
1110 3165 1171 3214 531.
1197 3169 1224 3215 et
1248 3165 1282 3216 ei.
1308 3168 1368 3216 461.

238 3223 329 3289 Neque
353 3223 443 3274 dubito
466 3225 527 3288 quin
552 3226 751 3292 praehendo
770 3229 898 3295 antiquior
916 3230 993 3282 suerit
1010 3230 1082 3284 verbi
1100 3231 1196 3298 forma,
1226 3236 1370 3304 composita

238 3309 272 3346 ex
295 3293 449 3363 praeverbio
466 3311 532 3360 prae
550 3303 576 3348 et
595 3295 680 3350 hendo
698 3315 718 3350 s.
739 3299 827 3350 hendo
846 3301 914 3368 quod
933 3303 1062 3354 Graecum
1081 3309 1122 3356 est
1140 3301 1262 3370 χανδάνω
1284 3307 1371 3375 (euius

237 3367 318 3418 altera
334 3366 415 3418 forme
432 3363 532 3415 XENA
549 3375 667 3434 superest
685 3371 710 3420 iu
720 3372 862 3438 χείσομαι),
881 3372 1021 3426 Gothicum
1039 3373 1156 3426 hinthan
1173 3393 1283 3445 cepere,
1303 3379 1370 3430 unde

238 3435 345 3488 luendus
364 3435 468 3502 (manus
486 3453 537 3502 que
555 3439 684 3506 capimus,
701 3440 912 3510 praehendimns,
937 3461 960 3496 r.
974 3447 1082 3498 Grimm.
1095 3449 1210 3500 Gramm.
1222 3449 1256 3501 u.
1277 3467 1304 3518 p.
1312 3455 1370 3512 35.;

237 3509 275 3560 sic
292 3509 422 3560 Homerus
444 3519 529 3577 χεῖρες
553 3505 721 3576 spuriarum
744 3528 777 3564 ex
794 3529 846 3580 qno
864 3513 1038 3582 prehendo
1058 3520 1154 3570 vocetis
1174 3523 1369 3572 enterocelen

237 3581 400 3647 correptione
417 3578 513 3632 tectum
531 3588 585 3646 est,
609 3588 640 3634 ut
657 3581 747 3636 dehinc
765 3590 791 3637 et
809 3585 916 3638 euhibeo
934 3593 961 3640 et
978 3587 1128 3656 vehemens,
1147 3596 1173 3642 et
1191 3594 1370 3646 contractione

237 3650 382 3716 prendo,
401 3655 431 3700 ut
449 3651 562 3718 praebeo
581 3667 614 3705 ex
632 3652 771 3722 preelribeo
789 3663 816 3708 et
834 3657 917 3710 debeo
934 3675 968 3712 ex
987 3659 1096 3713 dehibeo
1115 3667 1142 3714 et
1159 3662 1234 3716 deleo
1253 3678 1288 3716 ex
1307 3665 1369 3716 deo-

239 3723 279 3773 teo
297 3729 323 3774 et
340 3720 517 3774 huiuscemodi
535 3725 617 3793 plura.
738 3725 916 3795 Philomedes]
935 3732 1034 3799 scripsi.
1070 3731 1223 3786 Philomede
1241 3735 1319 3790 codd.
1342 3741 1369 3788 ut

155 3853 157 3862 Ι
238 3807 279 3858 vg.
316 3792 357 3846 Cf.
377 3791 455 3856 vlu,
474 3797 518 3848 68.
631 3793 670 3848 eie
688 3795 735 3867 qui
752 3797 839 3866 dieat]
862 3801 895 3854 ci.
914 3802 1054 3868 v1u‚ce.

351 3893 411 3992 92.
427 3911 459 3962 a
476 3911 554 3980 rana]
572 3913 625 3982 rx,
643 3921 687 3972 ee.
795 3921 922 3990 auretam]
940 3939 965 3978 a.
1001 3923 1134 3976 auaitum
1152 3925 1210 3981 un.
1247 3926 1370 3978 auersam

238 3983 273 4033 G.
320 4048 326 4062 ἢ
355 3983 421 4062 ΙΙω]
440 3985 546 4052 scripsi,
571 3995 710 4054 praeeunte
728 3991 861 4062 Scioppio.
898 3995 927 4045 in
945 3995 1021 4050 codd.
1058 3995 1186 4052 Nimirum
1204 4014 1217 4052 e
1233 4000 1369 4068 absumpto

238 4066 287 4122 per
302 4049 410 4115 srmrlzs,
436 4071 453 4108 n
471 4058 584 4110 accrevit
601 4060 749 4116 unctione.
872 4066 992 4134 natione]
1012 4083 1035 4119 a.
1072 4069 1195 4120 nationes
1213 4075 1274 4123 cett.
1293 4070 1369 4123 codd.

238 4123 425 4245 ex‘pirsocergggiq
444 4129 510 4182 coni.
548 4145 581 4179 en
595 4141 754 4198 procreante
774 4133 848 4187 codd.
1001 4137 1136 4208 dissimili]
1155 4142 1253 4212 scripsi.
1290 4141 1368 4192 ‹ussi-

238 4213 262 4244 m
395 4233 402 4246 .

350 4283 401 4352 93.
430 4301 622 4372 garrierunt.
659 4310 701 4362 us
719 4311 775 4364 re.
813 4315 847 4366 ns
867 4314 900 4366 u.
939 4317 1061 4372 rorum
1081 4291 1238 4374 'vernonum
1263 4319 1368 4388 reperis
