2866 4812
450 224 488 330 §-
526 229 576 314 67
603 265 653 286 -·-
677 241 743 314 ιο.
1018 251 1025 262 ·
1085 221 1167 299 219

44 410 231 509 pleraeque·
260 411 490 488 multitudinis
522 412 702 490 vocabulis
734 413 804 488 sint
827 357 1020 510 appellata,
1053 429 1244 512 nequenm

43 539 153 586 eorum
176 513 369 612 singularia
390 517 428 586 in
452 540 556 589 usum
577 517 749 590 venerint.
789 512 945 608 *Quibus
966 515 1168 612 responderi

42 626 166 712 potest,
204 640 277 688 uon
306 641 386 692 esse
409 615 753 715 reprehendendum
785 616 895 715 quod*
920 617 1070 715 primum
1092 615 1167 690 bal·

43 741 139 788 neum
166 713 310 818 (nomen
334 729 377 790 ut
408 715 585 793 Graecum
615 720 747 793 introiit
782 720 821 792 iu
851 715 992 817 urbem)
1027 715 1168 816 publice

39 815 84 893 ibi
104 818 282 912 consedit,
314 818 377 891 ubi
400 817 482 892 bina
505 831 620 894 essent
643 822 830 895 coniuncta
848 819 1004 894 aedificia
1029 818 1169 892 lauandi

40 933 158 1015 causa3
186 945 295 992 unum
316 919 378 994 ubi
398 922 483 1014 viri,
508 923 655 996 alterum
678 919 740 994 uhi
760 922 921 996 mulieres
946 921 1164 1010 lavarentur:

37 1018 77 1091 ab
99 1020 219 1094 eadem
243 1024 381 1096 ratione·
398 1022 491 1097 domi
516 1049 598 1096 suae
624 1025 792 1124 quisque,
820 1021 881 1097 ubi
906 1007 1062 1118 lavalur,
1089 1021 1185 1096 bal-2

36 1147 135 1194 neum
162 1123 347 1219 dixerunt3
384 1135 420 1200 ct
444 1125 540 1225 quod
563 1152 634 1201 uon
660 1138 758 1201 erant
782 1125 873 1218 duo,
901 1123 1025 1198 balnea
1050 1125 1230 1204 dicere⁵-⁰.⁷.

35 1249 101 1298 non
130 1237 363 1320 consuerunt,
403 1254 484 1300 cum
516 1227 584 1302 hoe
616 1229 750 1325 antiqui
782 1221 853 1301 n'on
883 1221 1072 1320 balneum,
1105 1226 1169 1299 sed

35 1324 295 1406 lavatrinam
318 1329 492 1427 appellare
514 1341 753 1404 consuessent.
826 1363 831 1376 ·
869 1324 938 1402 69.
972 1328 1035 1401 Sic
1058 1353 1169 1427 aquae

35 1427 174 1521 caldae,
202 1426 246 1500 ab
273 1427 351 1504 loeo
376 1441 412 1504 et
434 1457 526 1531 aqua
552 1455 642 1530 quae
666 1430 717 1504 ibi
741 1440 909 1521 scateret,
943 1455 1023 1503 eum
1047 1439 1087 1501 ut
1109 1453 1168 1502 co-

32 1527 183 1603 lerentur
200 1527 362 1605 ¹venisset
390 1534 428 1604 in
461 1559 563 1606 usum
588 1534 738 1624 nostris,
775 1555 856 1606 eum
880 1531 967 1604 aliae
992 1529 1038 1603 ad
1062 1531 1198 1616 alium,

32 1629 191 1704 morbum
223 1632 367 1706 idoneae
398 1645 541 1729 essent,
585 1660 647 1708 eae
679 1659 760 1708 cum
792 1632 912 1732 plures
947 1641 1087 1724 essent,
1130 1641 1170 1706 ut

31 1731 188 1818 Puteolis
217 1743 252 1806 et
282 1735 320 1806 iu
350 1735 501 1829 Tuscis,
539 1735 666 1834 quibus
697 1731 903 1827 utebantur,
937 1733 1169 1806 multitudinis

31 1835 169 1930 potius,
197 1860 303 1934 quam
328 1837 496 1936 singulari
523 1835 694 1910 vocabulo
718 1835 950 1934 appellarunt.
1002 1834 1067 1909 Sic
1091 1861 1168 1934 sca·

30 1934 100 2027 las,
145 1935 241 2035 quod
272 1935 316 2010 ab
352 1937 552 2012 scandendo
586 1938 748 2011 dicantur
781 1949 818 2012 et
848 1936 1006 2037 singulos
1039 1935 1170 2035 gradus

32 2036 260 2131 scanderent,
303 2041 420 2137 magis,
453 2037 527 2114 erat
565 2035 824 2140 quaerendum,
869 2041 900 2112 si
935 2038 1171 2138 appellassent

32 2139 198 2312 {iugulari
223 2140 395 2215 vocabulo
419 2139 572 2236 scalam,
600 2168 681 2215 cnm
706 2143 804 2241 origo
829 2141 1027 2215 nominatus
1052 2151 1169 2214 osten·

53 2252 125 2314 eret
150 2251 285 2313 eontra.
559 2253 563 2264 ·

133 2359 201 2436 70.
240 2361 330 2436 Item
354 2339 614 2461 reprehendunt
639 2361 682 2436 de
707 2327 866 2456 casibus,
904 2360 1000 2461 quod
1024 2360 1164 2462 quidam
1174 2350 1230 2428 ii

33 2572 288 2645 reprehendendum,
314 2573 413 2646 quodss
437 2591 504 2642 qnae
527 2592 562 2631 ex
586 2577 689 2632 illomm
713 2576 777 2631 sede
801 2589 835 2630 eo
856 2575 984 2630 tmnstuli.
1027 2572 1080 2630 Qui
1103 2569 1168 2626 baec

33 2647 189 2714 permutatio
207 2648 324 2699 locorum
341 2645 410 2700 tacta
428 2649 477 2715 sit,
495 2650 600 2703 neruos
623 2649 669 2702 sed
688 2647 793 2715 dubito,
809 2661 843 2702 aa
860 2649 912 2702 alio
930 2646 1009 2701 modo
1026 2647 1169 2700 seutentia-

32 2735 86 2771 mm
110 2719 180 2773 ordo
200 2718 302 2772 restitui
326 2725 447 2786 nequeat.
483 2720 561 2788 ,Nam
584 2736 644 2774 cum
668 2720 734 2775 intra
758 2737 841 2789 aquae
865 2719 955 2774 caldas
973 2725 1001 2772 et
1017 2719 1104 2772 scalae
1121 2731 1169 2771 cur

32 2790 202 2844 multitudinis
226 2790 279 2842 siut
301 2788 438 2857 doceatur,
462 2789 513 2846 hoc
538 2793 672 2862 superiora
696 2793 755 2846 loco
773 2793 807 2846 de
823 2791 915 2846 iisdem
933 2789 1003 2844 dieta
1026 2790 1060 2844 ad
1078 2805 1169 2859 repre-

33 2859 182 2916 hensionem
200 2877 289 2915 eorum
306 2877 348 2916 vv.
361 2864 492 2930 pertinere
509 2871 622 2932 oportet.
654 2864 782 2920 Ceterum
798 2863 840 2918 bis
856 2864 932 2932 pomi
950 2861 1036 2936 quad,
1052 2861 1123 2931 quod
1142 2861 1169 2916 iu

34 2935 108 2988 codd.
127 2935 209 2988 semel
228 2932 335 3000 mutum,
352 2934 419 2986 inter
437 2934 676 3004 reprehendendum
694 2943 721 2990 et
736 2935 835 3002 scalae,
852 2937 957 3003 legitur.
1060 2932 1169 3002 plerae-

32 3008 103 3074 que]
122 3007 192 3059 coni.
206 3006 308 3072 scripsi.
341 3004 473 3075 pleraque
491 3005 567 3058 codd.
603 3006 657 3059 Sed
677 3003 817 3076 appellata
831 3013 859 3059 et
870 3022 961 3059 aarum
978 3004 1081 3070 retinui,
1098 3003 1168 3070 quod

32 3073 92 3129 hacc
110 3079 146 3130 de
166 3077 298 3128 vocabulis
321 3074 412 3127 scalae
429 3082 458 3128 et
474 3094 562 3148 aquae
587 3077 682 3127 caldae
704 3078 832 3131 dicuntur.
944 3076 1011 3129 Post
1023 3075 1169 3144 pleraeque

31 3151 156 3202 asterisco
185 3146 296 3200 indicavi
325 3148 428 3213 locum,
456 3149 525 3202 unda
549 3149 641 3202 sustuli
663 3164 704 3201 vv.
732 3165 801 3220 quae
826 3164 886 3198 cum
909 3163 995 3199 cansa
1018 3147 1092 3217 (ram
1115 3145 1167 3214 ii.)

33 3220 122 3287 codd,
150 3235 259 3288 quorum
277 3218 488 3285 corrigendorum
506 3220 573 3274 viam
590 3221 704 3274 invenire
722 3219 783 3274 mibi
800 3234 851 3272 non
869 3219 987 3287 contigit.
1123 3216 1167 3285 ur]

32 3294 99 3344 coni.
117 3291 220 3360 scripsi.
257 3298 286 3340 et
303 3290 380 3343 codd.
430 3295 432 3300 '
505 3291 643 3358 dixerunt]
661 3291 739 3346 (illa.
776 3285 893 3342 dixerint
911 3291 943 3346 F.
1056 3303 1168 3341 eonsue-

33 3364 108 3430 runt]
126 3379 153 3416 a.
190 3370 385 3414 consueverunt
403 3367 466 3416 cett.
503 3363 544 3418 Gt.
561 3361 615 3427 lx,
632 3366 676 3416 14.
790 3359 971 3427 consuessent]
988 3376 1029 3426 a,
1055 3361 1078 3414 si
1095 3364 1168 3413 recte

31 3439 149 3488 notabam
167 3439 223 3499 est,
245 3437 276 3485 ut
292 3449 335 3500 vg.
371 3443 543 3486 consuescent·
557 3439 620 3488 cett.
640 3431 716 3488 codd.

91 3557 95 3566 '
143 3535 199 3602 69·
221 3548 349 3617 scateret]
363 3551 413 3604 Ga.
448 3559 583 3604 scaterent
600 3551 631 3606 F.
667 3556 755 3601 staret
772 3548 809 3602 Η.
921 3543 1048 3612 venisset]
1060 3561 1084 3598 a.
1121 3561 1166 3598 va-

32 3619 134 3674 nissenr
154 3628 215 3676 cett.
233 3621 309 3675 codd.
363 3662 367 3668 .
441 3623 499 3689 aaa]
515 3622 594 3675 aua.
631 3621 682 3672 lae
699 3621 731 3674 F.
766 3623 835 3674 Ante
852 3615 878 3670 b.
890 3633 915 3670 v.
933 3617 1016 3670 delevi
1034 3623 1167 3686 punctum,

32 3709 89 3746 cum
108 3710 177 3760 quae
195 3699 319 3747 secuntur
336 3693 369 3746 ad
387 3693 539 3764 explendam
557 3695 709 3746 sententiam
728 3690 843 3744 adhiberi
860 3694 988 3757 oporteat.
1017 3687 1167 3741 sedetiam

31 3761 71 3816 bie
88 3768 165 3819 locus
177 3773 283 3834 propter
299 3767 422 3819 maiorem
440 3782 574 3820 numerum
592 3766 756 3820 relativorum
773 3761 946 3816 membrorum
958 3761 1168 3824 Varronissmora

31 3843 214 3903 congestorum
233 3843 260 3890 et
277 3837 464 3905 implicatorum
482 3853 534 3891 nou
549 3838 695 3889 intellectus
714 3839 778 3889 erat.
813 3836 971 3900 Postquam,
993 3830 1055 3884 dicit
1073 3832 1165 3894 Varro,

31 3907 56 3957 in
75 3925 153 3962 usum
170 3915 292 3974 venerat,
307 3914 338 3962 ut
355 3925 438 3976 aquae
455 3910 544 3962 caldae
561 3909 798 3976 frequentarentur,
823 3921 881 3958 eum
899 3906 986 3973 plures
1003 3909 1091 3956 essent
1107 3903 1166 3968 qni.

31 3977 78 4030 bus
97 3979 215 4032 homines
231 3981 370 4034 utebantur
388 3981 460 4048 (nam
477 3981 544 4033 aliae
560 3981 593 4035 ad
608 3982 686 4034 alium
704 3979 821 4031 morbum
838 3978 945 4030 idoneae
958 3973 1061 4041 erant)r
1077 3975 1165 4028 multi-

31 4051 128 4104 tudinis
146 4051 273 4106 vocabulo
289 4052 374 4106 dietae
391 4058 451 4106 suut
466 4068 558 4120 aquae.
673 4048 810 4117 deantur]
828 4048 956 4100 deantur
972 4045 1050 4098 (iila.

145 4153 198 4219 70.
220 4165 427 4236 reprehendant]
446 4167 479 4222 cl.
494 4167 566 4233 vill,
580 4171 624 4221 49.
737 4165 799 4232 aut]
819 4167 869 4220 Ga.
906 4159 1050 4215 artemii.
1086 4170 1114 4212 st
1132 4159 1163 4214 F.

129 4258 299 4313 Lacunam
317 4275 364 4311 cur
380 4257 405 4313 b.
419 4261 437 4312 l.
454 4260 512 4312 libri
530 4274 582 4312 non
600 4259 719 4324 exiguam
738 4264 838 4327 partem
855 4257 969 4310 hausisse
988 4261 1112 4318 saluam,
1130 4268 1163 4304 ex

30 4333 178 4396 argumenti
201 4331 368 4400 dispositione
392 4337 514 4401 apparete
539 4346 572 4384 ex
590 4345 640 4396 qua
664 4336 797 4399 praeterea
821 4329 908 4398 caliig'i
930 4327 1055 4391 arbitror,
1079 4327 1163 4378 locum
