2864 4814
277 276 353 350 114
690 294 813 338 tisri
852 289 1021 336 srxrus.

124 515 127 522 »
212 467 259 540 ‘ll
374 459 443 534 97.
497 456 605 556 Quod
631 453 675 526 ad
700 453 851 550 origines
881 449 1066 523 verborum
1096 449 1199 520 huius
1222 447 1302 520 libri
1331 477 1396 548 per·

216 606 263 652 27³
275 573 380 659 tinet,
416 565 497 636 satis
523 559 650 631 multas
676 553 824 627 arbitror
848 555 977 650 po'sitas
1006 551 1110 624 huius
1134 552 1281 652 generis.
1337 555 1398 625 lie-

214 668 413 761 Essiam,
458 679 493 738 et
521 662 685 760 quoniam
716 654 759 728 de
793 653 889 728 hisee
907 653 1029 747 ,rebus
1063 655 1125 726 tris
1157 651 1265 726 libros
1298 652 1343 726 ad
1371 667 1398 727 te

242 775 408 846 ‚mittere
441 767 596 855 institui,
641 760 683 833 tle
718 758 873 832 oratione
908 756 1020 830 soluta
1056 755 1147 848 duo,
1194 755 1238 838 de
1272 758 1396 854 poitira

270 900 401 966 unum3
440 880 474 942 et
499 894 541 940 ex
566 865 677 938 soluta
711 862 866 934 oratione
881 859 937 931 iul
966 869 1000 931 te
1025 860 1104 930 misi
1128 859 1219 952 dut),
1257 861 1397 957 priorem

270 977 314 1048 de
343 975 432 1046 locis
464 983 497 1042 et
529 994 618 1067 quae
643 969 680 1036 in
705 963 792 1036 locis
817 973 916 1055 sunt,
954 960 1049 1034 hunc
1072 959 1115 1033 de
1137 960 1348 1058 temporibus
1370 973 1397 1033 et

191 1099 194 1108 ’
271 1103 360 1176 quae
387 1070 545 1147 cumbis
572 1079 654 1142 sunt
675 1065 879 1138 coniuncta:
922 1063 1084 1162 deinceps
1110 1064 1145 1134 in
1170 1074 1342 1161 proxumi)
1363 1063 1396 1134 de

269 1179 414 1278 potiticis'
440 1173 625 1248 verborum
648 1164 842 1267 originibus
864 1163 1016 1239 scribere
1042 1165 1207 1238 institui*

386 1387 439 1454 97.
465 1397 496 1447 de
510 1393 630 1464 poitiers]
648 1409 690 1459 vg.
728 1389 759 1438 de
778 1403 828 1440 om.
848 1386 923 1440 codd.
1074 1386 1206 1454 institut]
1225 1387 1267 1440 Ab
1286 1387 1335 1440 hoc
1350 1389 1394 1454 ipso

273 1476 360 1538 verbo,
381 1481 499 1526 extremo
517 1467 592 1520 huius
610 1464 668 1516 iibri
685 1469 714 1513 ut
733 1459 847 1522 videtur,
866 1461 957 1512 lacuna
974 1457 1019 1508 illa
1036 1459 1141 1526 incipit,
1160 1476 1210 1526 qua
1228 1460 1332 1528 septimi
1350 1460 1394 1510 iibri

272 1547 424 1616 principium
452 1541 536 1612 periit
574 1537 641 1589 Nam
666 1531 776 1584 institui
800 1547 850 1582 om.
871 1531 904 1582 G.
942 1530 1015 1579 in—
1034 1529 1110 1581 habet
1127 1531 1161 1582 H.
1197 1530 1309 1582 institui
1326 1531 1352 1582 F.
1374 1536 1395 1580 ut

273 1618 391 1682 videtur,
413 1623 440 1669 et
458 1611 694 1674 Guelferbytanus,
714 1610 740 1656 et
758 1603 913 1656 Mutinensis
930 1602 1022 1654 codex.
1058 1601 1183 1670 incipiam
1201 1603 1243 1656 ab.
