2866 4812
436 255 472 356 g.
502 262 554 340 66
576 297 624 312 --
647 269 710 373 70·
1073 263 1152 385 ter

135 445 222 514 Dc*
249 443 408 514 stridula
433 458 499 514 eut
526 447 572 532 de
598 447 719 517 lumbo
746 450 926 520 obscoena
953 453 1116 548 viscera5

35 562 240 657 stribule,
278 575 317 635 ut
342 559 482 659 Opilius
504 562 646 658 scribit,
684 569 814 640 circum
838 571 1043 647 coxendices
1071 587 1213 650 suntsso

34 663 139 760 bovis3
173 665 219 737 ‘id
243 664 419 738 Graecum
445 676 497 736 est
522 663 565 736 eb
594 669 668 740 eius
694 669 763 742 loci
790 697 945 745 versura.
1164 667 1205 675 ⁷*

122 803 188 876 68.
228 805 272 876 ln
298 803 524 876 Neruolaria:

131 929 289 1000 Scobinc
316 955 383 1022 ego
414 930 517 997 illum
543 940 707 997 actutum
731 931 995 1028 adroserim*,·

35 1043 251 1118 scobinem
283 1073 303 1117 a
337 1045 463 1140 scobe3
505 1046 705 1138 limneuim
729 1050 870 1119 materie
896 1051 1030 1129 febrilis
1056 1069 1120 1131 est.
1160 1086 1195 1135 et

119 1178 186 1252 69.
227 1185 271 1256 Iu
297 1184 477 1268 Poenulo:

134 1307 176 1376 V
173 1309 345 1378 inceretis
366 1333 514 1382 cervum
537 1333 650 1378 cursu
671 1311 730 1378 vel
750 1313 983 1402 gralatorem
1005 1306 1153 1409 gradere

34 1422 221 1518 prolator
252 1453 273 1498 a
303 1428 415 1527 gradu
439 1431 565 1528 magno
591 1427 716 1500 dictus.

122 1552 188 1626 70.
231 1558 275 1628 ln
304 1558 545 1630 Truculento:

131 1679 220 1748 Sine
255 1684 388 1752 virtute
422 1696 598 1776 argutum
631 1685 743 1751 civem
777 1682 868 1752 mihi
897 1683 1052 1753 habeam.
1077 1712 1152 1779 pro

272 1827 273 1834 ,
425 1809 444 1850 0
535 1814 541 1826 -

33 1879 159 1972 prael
166 1881 239 1951 ica
283 1808 423 1976 dicgr’a
437 1781 691 1955 bllaburelius
731 1882 875 1974 scribit,
920 1884 1063 1976 mulier,
1107 1887 1209 1978 aden

33 1978 172 2054 luctum*
199 2008 288 2081 quae
321 1984 596 2075 conduceretur,
633 2010 722 2081 quae
748 1997 827 2057 ente
853 1984 994 2058 domum
1023 1991 1150 2061 mortui
1253 2068 1263 2078 ,

33 2079 147 2156 leudeis
173 2087 246 2157 eius
271 2099 421 2159 caueret.
476 2087 559 2160 Hoc
581 2087 774 2158 lectitatum
794 2084 1003 2162 Aristotcles
1030 2089 1151 2164 scribit

33 2184 60 2254 in
86 2177 174 2259 libro
205 2189 267 2285 qui
306 2188 507 2262 inscribitur
541 2183 678 2286 νόμιμα
709 2187 950 2292 βαρβαρικά.
1010 2191 1150 2281 Quibus

33 2291 248 2361 testimonium
273 2301 346 2383 est,
385 2290 479 2388 quod
504 2290 632 2364 fretum
656 2295 746 2384 est†
770 2293 914 2363 Naevii:

33 2492 101 2560 tinae,
132 2503 162 2549 ut
186 2496 303 2563 videtur,
333 2498 434 2552 tebulee
461 2499 564 2552 aliunde
591 2514 641 2551 nou
670 2500 809 2564 cognitum.
864 2497 933 2550 Hinc
960 2498 1101 2550 Gastrione
1127 2518 1148 2554 s.

33 2565 145 2618 Gestrone
162 2571 229 2622 coni.
247 2571 374 2636 Scaliger.
421 2572 508 2623 Plauti
526 2571 599 2623 Gom.
618 2569 659 2622 ed.
677 2570 764 2622 Bothe
782 2570 813 2622 T.
821 2569 874 2634 ΠΙ.
893 2588 918 2637 p.
928 2573 990 2622 561.
1089 2567 1149 2622 Do*

32 2627 141 2704 stridula]
160 2642 267 2694 conieci.
311 2640 456 2694 distributa
480 2642 554 2696 codd.
577 2643 625 2696 nisi
645 2643 715 2708 quod
740 2640 897 2693 deise¹bula
916 2643 941 2693 b.
1086 2644 1149 2710 aret]

32 2705 160 2778 Scioppius.
199 2722 232 2763 ut
257 2713 332 2766 codd.
474 2712 599 2765 obseoena
618 2713 732 2780 viscera]
750 2715 816 2768 coni.
838 2713 937 2781 scripsi.
985 2710 1152 2765 obscoenclris

32 2773 180 2840 (obscenabis
196 2783 259 2837 GH.
297 2781 448 2836 observabis
465 2784 506 2852 b.)
533 2804 594 2836 cera
613 2785 696 2852 (quod
716 2802 740 2838 v.
759 2787 924 2850 coniungitur
941 2799 999 2836 cum
1018 2787 1149 2851 sequenti)

31 2850 92 2903 codd.
132 2855 172 2907 De
199 2855 302 2907 hiscere
326 2857 423 2924 scripto
450 2873 498 2925 pro
523 2857 625 2908 viscera
643 2858 698 2909 dixi
722 2859 748 2908 iu
767 2857 941 2910 Praelatione.
979 2853 1019 2907 Cf.
1039 2872 1098 2910 eun.
1117 2858 1151 2908 ad

31 2917 91 2974 huius
106 2927 129 2990 S.
147 2929 238 2980 ultime
255 2944 295 2980 vv.
332 2923 453 2978 coenabis
479 2927 597 2978 Ghocrea
622 2929 773 2994 Turnebus,
798 2945 848 2980 uon
873 2927 1001 2991 feliciter,
1031 2929 1078 2978 sed
1104 2929 1149 2979 alii

30 2991 147 3049 infelicius.
305 2997 467 3066 coxendices]
486 3015 528 3064 vg.
573 3015 640 3049 coxa
664 2999 763 3048 indices
789 2999 908 3065 (radices
926 2997 967 3063 b.)
988 2998 1063 3048 codd.
1110 2998 1150 3048 De

31 3079 92 3119 came
108 3070 221 3122 strebula
238 3086 262 3121 v.
282 3066 426 3123 comment.
445 3071 517 3122 Festi
536 3088 561 3137 p.
572 3073 633 3122 681.
652 3069 772 3122 Lindem.
896 3065 980 3134 bovis]
999 3070 1147 3136 Scioppius.

30 3134 89 3186 cobis
105 3140 149 3192 ua.
169 3141 230 3207 (Sic
253 3142 280 3192 iu
301 3140 391 3192 codice
414 3141 474 3193 usit
497 3139 575 3192 cobes
598 3138 722 3208 scriptum
744 3156 793 3208 pro
818 3137 903 3191 boves.
942 3140 974 3192 V.
994 3137 1150 3194 Gocscheuii

30 3203 97 3262 ludex
112 3213 234 3278 siglorum
252 3231 278 3280 p.
291 3211 479 3278 xmvup.
516 3211 591 3264 nobis
613 3217 675 3264 cett.

124 3314 175 3378 68.
207 3330 243 3378 In
267 3328 439 3396 Nervularia]
458 3347 501 3397 vg.
555 3326 731 3380 intervolarr'a
756 3327 786 3380 F.
841 3326 870 3378 in
894 3325 1028 3380 ercolaria
1053 3328 1147 3379 GHeb.
1182 3349 1186 3358 ’

30 3391 100 3448 Plauti
117 3400 187 3452 Com.
207 3400 250 3451 ed.
268 3399 351 3454 Bothe
369 3402 401 3454 T.
413 3403 459 3454 lll.
479 3421 503 3470 p.
512 3404 573 3452 561.
686 3395 813 3464 Scobina]
829 3399 976 3469 Scioppius.
995 3413 998 3424 '
1014 3396 1149 3450 scobinam
1231 3437 1233 3442 .

32 3466 91 3519 codd.
109 3471 283 3536 incommode,
301 3489 360 3525 uam
378 3474 485 3526 scobine
501 3474 561 3524 lima
579 3477 633 3536 est,
659 3485 709 3537 qua
728 3471 834 3522 raditur.
967 3467 1055 3537 illum]
1073 3469 1149 3519 illem

30 3532 57 3586 Η.
88 3540 148 3592 liena
160 3544 320 3608 Turnebus,
339 3547 409 3610 quod
426 3546 514 3598 multis
532 3544 636 3611 placuit.
761 3540 931 3606 adroserirn*]
951 3542 1017 3594 coni.
1054 3541 1149 3592 cedrusi

31 3603 118 3667 (anesi
134 3615 174 3682 b.)
188 3615 263 3668 ,enim
281 3616 356 3671 codd.

124 3719 174 3785 69.
197 3730 328 3797 Poenulo]
347 3733 434 3785 Plauti
452 3730 499 3796 Ill,
519 3733 603 3795 1‚2r.
660 3750 663 3761 ·
729 3743 834 3790 ceruum
854 3728 948 3792 eursu]
967 3727 1057 3780 Aldus.
1084 3728 1147 3778 'cir-

32 3812 77 3849 cnm
93 3822 166 3858 curso
184 3803 258 3859 codd.
766 3819 768 3824 ’

125 3906 177 3970 70.
205 3919 379 3984 crat-uento]
397 3919 484 3970 Plauti
501 3918 543 3982 u,
561 3923 594 3982 s,
614 3920 656 3969 14.
821 3913 983 3981 praestem]
1003 3913 1148 3966 explecto

31 3983 113 4043 eddidit
129 3995 293 4062 Spengelius.
327 4007 377 4043 om.
396 3989 471 4042 codd.
491 3996 601 4056 excepto
620 3987 645 4038 b.
667 3990 698 4037 ut
715 3983 825 4036 videtur.
964 3983 1004 4034 ad
1020 3985 1147 4052 luerum⁸]

31 4059 361 4126 scsuniericoni.Turnebi.
398 4059 432 4110 ab
448 4059 604 4113 lueo‘FGH.
642 4057 758 4108 alueos.
795 4055 924 4107 aluwb·
984 4119 986 4127 ,
1014 4073 1024 4084 ““
1051 4051 1148 4118 νόμιμα

31 4129 172 4204 βαρβαρικά)
191 4136 337 4188 Turnebus.
374 4131 481 4184 nominc
499 4129 641 4182 barbarica
659 4125 793 4195 (barbara
810 4115 860 4194 Η.)
881 4125 956 4179 codd.
1033 4193 1037 4202 ¹
1078 4127 1150 4198 quod

30 4195 117 4260 fretum
135 4209 213 4273 est†]
233 4206 307 4260 codd.
332 4207 388 4258 sine
413 4219 498 4256 seusu.
549 4203 672 4268 Plerique
696 4199 729 4251 de
753 4197 884 4254 Naeviene
910 4197 1045 4250 comoedis
1067 4199 1149 4252 Freto

32 4274 144 4342 cogitant,
161 4296 213 4345 quo
230 4281 331 4340 nomine
348 4277 468 4330 Plautius
486 4274 573 4326 fabula
591 4274 714 4340 inscripta
731 4275 780 4322 est.
817 4270 902 4322 Bothe
919 4271 951 4325 P.
965 4272 1008 4322 Sc.
1023 4270 1055 4322 L.
1066 4271 1099 4334 V,
1113 4271 1146 4322 ll.

31 4347 100 4401 Mb.
148 4350 213 4400 Mihi
237 4351 305 4402 eliud
332 4365 425 4402 nomeu
450 4348 531 4398 latere
556 4346 671 4408 videtum
705 4341 815 4394 fortusse
842 4337 1146 4416 QUADRIGEMINIS,

693 4437 760 4503 10*
839 4469 841 4474 ·
