2864 4814
398 242 405 278 ι
474 183 768 314 §.t-ss

251 409 283 474 O
309 429 447 500 magno
473 405 609 498 templo
636 404 807 472 caelitem

251 506 456 578 Commixto
481 507 595 576 stellis
625 507 841 599 splendidis.

38 613 74 684 lu
98 623 205 706 terre,
241 615 339 686 utin
368 611 558 687 Periboea:

169 801 175 812 ‚
253 727 420 822 Scrztpeo
444 751 540 797 saxa
564 724 710 794 Bocchi

187 901 189 907 ,
254 830 407 923 Templa
427 853 549 923 prope
574 828 807 920 adgreditur.
840 843 842 848 ’
895 859 899 872 x

37 932 237 1027 subterra,
272 947 311 1008 ut
335 939 372 1009 in
396 933 666 1010 Andromache:
922 1003 928 1016 ,

137 1040 349 1112 Acherusio
375 1043 514 1136 templa
541 1042 620 1110 olto
648 1039 738 1108 Orci
763 1038 900 1109 salvete
930 1040 1069 1129 infero.

14 1152 68 1260 ¹i.
113 1157 264 1258 Quaqua
306 1160 470 1232 intuitus'
513 1170 587 1232 erut
627 1158 741 1252 oculi,
792 1184 812 1228 a
845 1155 974 1236 tuendo
1008 1161 1157 1254 primum

35 1259 232 1357 templum
270 1261 414 1334 dietum.
473 1261 649 1352 Quocirca
681 1258 835 1353 caelum,
875 1285 945 1358 qua
979 1261 1155 1351 attuimur,

35 1356 153 1435 dictum
188 1363 367 1461 templum.
423 1363 505 1440 Sic:

138 1483 367 1555 Contremuit
392 1489 565 1580 templum
589 1508 764 1579 magnum
791 1485 892 1556 Iovis
914 1485 1157 1568 altitonantis,

36 1596 62 1669 id
87 1612 157 1694 est,
187 1613 234 1682 ‘ut
259 1606 308 1675 ait
333 1605 507 1676 Naevius:

247 1725 575 1820 Hemisphaerium
602 1725 664 1795 nbi
691 1722 878 1797 contamit

138 1824 297 1896 Caerulo
323 1841 466 1921 septem
493 1839 577 1896 stol.

37 1938 110 2013 Eius
144 1941 264 2040 templi
296 1950 412 2041 partes
446 1954 609 2042 quattuor
645 1918 842 2036 dicunturJ
880 1945 1075 2016 sinistra
1113 1937 1157 2010 ab

35 2044 172 2135 edente,
217 2044 378 2117 dextra
413 2043 457 2116 ab
491 2071 640 2138 occasu,
687 2047 841 2118 antica
878 2044 921 2115 ad
959 2041 1154 2131 meridiem,

34 2148 197 2238 postica
228 2145 274 2216 ad
307 2145 586 2245 septentrionem.
755 2144 795 2217 8.
835 2147 1000 2219 interris
1025 2142 1228 2231 dietum(er)

35 2246 185 2344 templum
219 2247 318 2320 locus
353 2251 489 2347 augurii
528 2259 589 2320 aut
623 2249 768 2344 auspicii
808 2273 911 2318 eausa
948 2244 1156 2343 quibusdam

35 2353 198 2448 conceptis
232 2350 361 2422 verbis'
383 2351 515 2421 finitus.
570 2348 776 2447 Concipitur
808 2348 923 2421 verbis
946 2372 1016 2419 non
1048 2344 1155 2418 is'dem

14 2473 280 2566 usquequaque.
334 2447 378 2522 ln
408 2449 506 2522 Aroe
532 2452 603 2522 sic:

35 2656 225 2717 p.35.v.,16¹l.
356 2655 385 2706 in
404 2651 526 2722 Herebo]
546 2655 651 2706 Ennius.
679 2653 764 2708 Bothe
780 2655 811 2708 P.
829 2656 874 2709 Sc.
893 2656 924 2708 L.
945 2655 977 2720 V,
996 2658 1020 2706 l.
1040 2667 1098 2721 pag.
1112 2655 1154 2703 46.

34 2723 56 2770 in
71 2725 204 2793 Periboea]
220 2729 356 2780 Pacuvius.
374 2725 459 2779 Bothe
472 2729 503 2782 P.
513 2730 556 2780 Sc.
566 2727 597 2778 L.
611 2728 643 2791 V,
656 2731 680 2778 1.
695 2745 721 2794 p.
731 2729 791 2780 139.
905 2729 933 2777 in
952 2723 1155 2786 Andromacho]

36 2792 128 2850 Ennius.
144 2797 230 2850 Bothe
242 2800 273 2852 Ρ.
286 2800 330 2852 S'c.
342 2800 374 2852 L.
385 2801 416 2863 V,
430 2804 454 2852 1.
469 2801 546 2866 pil.
572 2798 691 2850 Eundem
706 2797 780 2850 huius
796 2799 947 2864 tragoediae
962 2800 1047 2849 locum
1061 2797 1155 2864 partim
1172 2801 1175 2808 “
1222 2829 1227 2841 .

34 2867 102 2920 uinus
117 2870 264 2937 integrum,
283 2873 374 2938 partim
392 2871 533 2938 pleniorem
550 2871 628 2922 affert
646 2870 739 2922 Cicero
757 2870 836 2922 Tusc.
856 2871 958 2940 Disput.
977 2874 1002 2934 1,
1019 2873 1063 2932 ul,
1081 2871 1123 2919 48.

131 2977 162 3040 7.
192 2987 321 3056 Quoquo]
340 2986 499 3051 Augustinus
517 2987 543 3051 in
562 3003 642 3055 marg.
664 3006 697 3040 ex
715 2992 878 3051 coniectura,
902 2993 931 3038 ut
954 2985 1063 3036 videtur.
1101 2997 1155 3050 qun

36 3059 88 3125 quio
104 3062 179 3118 codd.
215 3058 255 3109 De
279 3057 428 3110 contusione
453 3057 542 3110 horum
566 3060 749 3114 vocabulorum
774 3079 798 3114 v.
816 3058 903 3114 Praei.
1023 3051 1153 3132 intuitus*

34 3133 92 3198 erut]
109 3136 174 3186 coni.
192 3129 293 3196 scripsi.
323 3129 443 3194 ¹initium
461 3139 522 3180 erat
540 3130 614 3182 codd.
658 3131 798 3182 inruerant
816 3130 883 3182 coni.
902 3126 1068 3193 Augustinus.
1112 3141 1155 3172 m-

36 3201 90 3250 toiri
106 3215 182 3258 erant
201 3202 347 3269 Scioppius.
458 3200 586 3266 primum]
600 3202 677 3255 GHa.
710 3203 798 3270 primo
816 3203 865 3256 Fb.
980 3194 1154 3259 Contremuit]

35 3268 106 3328 Etiam
124 3276 165 3329 hic
182 3289 272 3326 versus
297 3288 330 3324 ex
354 3271 431 3322 Ennii
449 3273 590 3326 Antiatibus
615 3281 807 3342 sumptus.esse
825 3275 933 3326 videtur.
969 3268 1046 3320 Ennii
1063 3266 1164 3334 Annal.

35 3340 112 3410 fragm.
130 3348 170 3400 ed.
186 3347 220 3398 Ε.
239 3346 267 3396 S.
286 3363 312 3412 p.
325 3347 368 3396 41.
386 3343 420 3394 Il.
438 3359 462 3394 v.
480 3348 505 3395 6.
631 3346 762 3413 Naevius]
781 3347 852 3406 Inter
876 3345 1032 3396 incertarum
1049 3345 1154 3403 tragoe-
1183 3377 1191 3402 s

36 3412 120 3470 dierum
144 3417 237 3471 Naevii
260 3415 404 3482 fragmenta
430 3413 507 3466 hebet
523 3414 609 3468 Bothe
625 3419 657 3472 P.
675 3419 718 3469 Sc.
734 3418 766 3470 L.
782 3419 849 3484 v‚1.
868 3418 950 3484 p.92.
967 3413 1103 3463 etiterum
1122 3409 1155 3470 V,

35 3483 61 3536 Π.
77 3507 100 3555 p.
110 3494 152 3544 27..
304 3485 548 3554 Hemisphoerium]
568 3487 770 3556 hemispherium
788 3507 812 3542 e.
849 3489 878 3538 in
896 3485 988 3536 hiemis
1001 3481 1105 3551 serium
1123 3477 1153 3529 F.

36 3553 121 3621 hyemis
138 3557 246 3627 (hiemis
264 3557 314 3624 H.)
328 3557 433 3627 serium
452 3555 562 3627 (serum
580 3559 621 3626 b.)
634 3567 696 3612 cett.
716 3560 792 3613 codd,
931 3552 1067 3618 tancane]
1087 3551 1153 3603 coni.

35 3628 118 3696 scripsi.
155 3649 202 3682 cco
219 3645 278 3682 cum
296 3631 457 3696 supraposito
475 3630 558 3696 siguo,
577 3631 647 3696 quod
664 3633 759 3685 literae
773 3631 799 3684 N
817 3629 908 3688 simile,
927 3627 957 3678 F.
995 3623 1098 3674 cuneda
1118 3624 1152 3672 G·

35 3713 83 3748 uum
100 3720 131 3752 ca
147 3704 183 3756 H.
226 3718 306 3752 conca
324 3717 348 3752 a.
373 3706 400 3751 et
416 3700 531 3753 Turnebi
550 3703 641 3758 codex.
686 3702 837 3754 contincta
856 3701 881 3750 b.
919 3696 1024 3748 Concita
1041 3695 1151 3760 scripsit.

35 3764 162 3828 Turnebus.
241 3773 335 3826 Lectio
353 3772 410 3823 cod.
428 3773 563 3826 Guelferb.
588 3772 634 3824 nbi
656 3775 712 3825 trie
731 3772 862 3828 clrernlor
875 3769 932 3823 cod.
951 3768 984 3820 B.
1003 3763 1049 3818 ehi
1066 3774 1152 3814 tetro-

35 3837 139 3912 cherino,
166 3844 223 3898 cod.
242 3843 384 3912 Lipsiensis
409 3851 436 3895 et
453 3844 499 3898 ed.
517 3845 598 3912 princ.
624 3843 670 3896 nbi
688 3841 882 3906 tetrachmum,
905 3840 1006 3896 ridetur
1024 3843 1080 3889 orta
1096 3852 1153 3888 esse

35 3923 61 3961 0¹
81 3918 249 3980 glossemates
284 3925 371 3975 terra,
402 3916 532 3983 adscripto
561 3917 594 3968 ed
626 3915 856 3984 hemisphaerium.
910 3915 970 3967 Quo
997 3912 1153 3976 glossemate

35 3994 88 4044 hune
110 3990 224 4040 nituntur
248 3987 394 4039 criticorum
421 3988 598 4052 coniecturae,
626 4004 671 4038 ees
688 3988 857 4043 nulliusesse
876 3985 952 4052 pretii
969 3987 1086 4049 apertum
1105 3987 1151 4031 est.

35 4057 135 4124 caerulo]
148 4059 237 4110 cernlo
254 4059 367 4111 Turnebi
383 4057 474 4110 codex.
511 4057 618 4109 cherolo
635 4057 738 4126 FGHb.
775 4055 896 4108 chirnleo
913 4073 936 4107 e.
975 4056 1050 4105 Sicut
1062 4052 1152 4103 Naevii

36 4120 120 4193 lecum,
137 4146 186 4183 una
205 4131 291 4182 addita
309 4130 421 4196 syllaba,
445 4131 552 4182 reduxi:
579 4127 801 4197 hemisphaerium
818 4135 913 4180 terrain
931 4126 1063 4192 designet,
1086 4139 1152 4192 quae

36 4199 127 4251 caerulo
146 4219 272 4259 concavo,
296 4203 312 4254 i.
329 4219 352 4255 e.
371 4202 457 4262 caelo,
482 4207 555 4270 septa
571 4217 627 4254 esse
646 4202 745 4254 dicitur·
859 4197 962 4268 templi]
980 4213 1030 4249 om.
1049 4190 1116 4248 Geb.

131 4299 161 4368 8.
178 4319 270 4388 isdem]
285 4321 383 4388 scripsi.
411 4317 617 4371 hisdemFGHn.
642 4317 768 4370 iisdemh.
788 4324 815 4370 ut
829 4317 937 4382 videtur,
956 4318 1023 4370 sicut
1039 4331 1079 4380 vg.
1108 4312 1147 4363 ct.
1233 4375 1240 4382 .
