2864 4814
810 89 817 121 l

459 285 495 386 §-
528 299 600 379 149
628 323 676 342 -·-
707 297 792 370 153·
1131 287 1186 362 uu

64 481 137 550 nria
164 473 390 568 translatum,
426 471 483 546 vel
507 471 602 572 quod
620 470 679 546 bic
704 498 844 576 quoqne
869 475 905 546 in
930 500 972 549 eo
997 474 1076 550 loco
1100 475 1186 575 lapi-

63 581 187 652 dicinae
210 577 365 649 fuerunt.

359 733 380 774 a
613 719 892 787 a'p

147 859 251 936 152.
289 861 334 933 ln
358 885 400 934 ao
422 859 670 933 Lauretum
699 859 808 934 abeo
832 860 928 960 quod
956 862 1006 962 ibi
1030 863 1186 963 sepultus
1217 907 1220 914 ·

61 974 109 1036 est
131 966 258 1037 Tatius
278 989 362 1056 rex,
391 963 452 1060 qui
475 959 519 1032 ab
544 960 782 1036 Laurentibus
802 963 1004 1038 interfectus
1030 977 1102 1058 est,
1130 966 1187 1038 vel

61 1066 98 1136 ab
122 1066 210 1138 silva
234 1064 373 1157 laurea,
415 1062 530 1159 quod,
569 1088 611 1135 ea
642 1063 691 1136 ibi
725 1065 862 1155 excisa,
901 1076 952 1136 est
985 1067 1186 1139 aedificatus

59 1170 172 1261 vicus,
200 1177 241 1240 ut
264 1164 523 1240 interaSacram
548 1165 641 1234 viam
664 1176 699 1238 et
722 1165 906 1236 macellum
931 1166 1059 1240 editum
1085 1167 1186 1241 Cor·

59 1281 155 1343 neta
175 1296 197 1340 a
224 1271 362 1360 cornis,
390 1290 480 1362 quae
505 1263 678 1338 abscissae
699 1266 779 1340 loco
801 1266 1014 1363 reliquerunt
1036 1295 1250 1366 nomen31sr

61 1383 93 1442 nt
115 1372 379 1444 Esculetum
403 1365 446 1438 ab
472 1365 592 1439 esculo
618 1367 749 1440 dictum
768 1380 805 1441 et
828 1368 1019 1468 Fagutal
1045 1395 1066 1440 a
1090 1359 1245 1470 fago,-

59 1473 144 1545 unde
169 1474 272 1546 etiam
302 1470 431 1543 lovis
455 1468 722 1568 Fagutalis,
762 1461 930 1570 quodibi
955 1470 1135 1544 sacellum.

61 1699 64 1706 ,
146 1638 260 1720 ,155.
301 1634 633 1712 Armilustrum
673 1635 717 1708 ab
756 1636 887 1710 ambitu
922 1638 1048 1734 lustri3
1087 1639 1187 1712 locus

57 1741 143 1813 idem
179 1744 329 1813 circus
361 1742 575 1811 maximus
608 1740 744 1830 dctus,
779 1739 873 1836 quod
899 1741 1030 1812 circum
1054 1753 1186 1838 specta·

57 1843 139 1915 culis
163 1842 351 1916 aedificatis
373 1841 423 1913 ibi
448 1842 522 1914 ludi
546 1841 655 1934 fiunt,
683 1850 718 1912 et
739 1840 833 1935 quod
854 1839 903 1912 ibi
925 1843 1056 1914 circum
1078 1854 1261 1926 metas(at)

57 1944 161 2016 fertur
186 1970 332 2041 pompa,
361 1954 396 2016 et
418 1945 499 2043 eqni
524 1953 684 2016 currunt.
737 1943 861 2039 ltaque
884 1941 1016 2016 dictum
1042 1945 1077 2014 in
1097 1944 1185 2018 Cor·

57 2046 219 2119 nicularia
243 2045 363 2138 militis
387 2044 539 2118 adventu
568 2070 673 2145 quem
699 2045 914 2136 circumeunt
937 2045 1117 2118 ludentes:

165 2178 270 2266 Quid
304 2167 490 2248 cessamus
524 2178 632 2248 lindos
661 2173 833 2270 facere?
897 2176 1245 2266 Circusnostergss

686 2304 768 2348 ecee
793 2280 908 2348 celest.

58 2375 96 2450 ln
126 2379 221 2472 circo
257 2377 370 2477 primo
406 2376 498 2449 unde
535 2377 719 2448 mittuntur
752 2379 854 2474 equi,
899 2402 993 2449 nunc
1025 2376 1187 2451 dicuntur

31 2507 34 2515 ·
59 2503 268 2573 carceres,
296 2480 449 2552 Naevius
470 2477 676 2577 oppidum
698 2478 861 2577 appellat.
898 2477 1066 2551 Carceres
1086 2479 1183 2574 dieti,

60 2710 123 2780 inde]
142 2715 211 2768 coni.
247 2723 275 2766 et
294 2713 326 2764 de
343 2715 418 2769 codd.
454 2713 549 2766 exinde
566 2714 680 2769 Turneb.
843 2715 899 2784 vel]
917 2716 985 2771 coni.
1003 2715 1104 2783 addidi,
1122 2733 1188 2786 quae

60 2784 104 2836 loci
120 2788 203 2854 ipsius
220 2802 298 2839 sensu
316 2794 343 2839 et
360 2788 484 2842 Varronis
501 2803 574 2841 more
593 2790 656 2841 satin
674 2788 875 2842 commendatur.
912 2788 1066 2842 Lautumias
1084 2789 1117 2841 ad
1136 2791 1188 2842 Ca·
1238 2787 1246 2806 ‘

57 2856 183 2920 pitolinum
210 2865 323 2911 montem
350 2864 378 2912 et
402 2859 556 2912 coniunctae
582 2859 662 2913 fuisse
688 2861 807 2914 videntur
838 2875 897 2913 cnm
922 2875 1026 2914 carcere
1059 2861 1187 2915 Tulliano.

60 2925 182 2984 Lacunam
202 2936 262 2998 post
274 2929 399 3000 fuerunt
417 2931 526 2983 indicavi
545 2937 652 2998 propter
669 2949 780 2999 sequens
797 2935 831 2983 In
847 2951 885 2984 eo.

105 3083 107 3088 ·
166 3043 239 3111 152.
257 3059 292 3110 In
309 3058 352 3124 eo]
370 3059 446 3112 codd.
469 3077 512 3126 vg.
525 3075 577 3113 om.
612 3061 648 3110 In
664 3076 695 3109 eo
712 3059 825 3126 pertinet
842 3055 875 3108 ad
893 3057 1048 3111 Aventinum
1067 3064 1188 3126 montem,
1222 3091 1223 3100 κ

44 3141 110 3182 »nam
127 3129 152 3183 in
171 3131 221 3184 hoo
239 3129 378 3182 Lauretum
398 3137 462 3184 erat.
480 3131 604 3186 V.Varro
623 3131 763 3183 Humanar.
782 3129 846 3181 lter.
859 3127 893 3181 ll.
913 3129 982 3196 apud
1000 3130 1116 3184 Maerob.
1131 3133 1187 3184 Sat.

61 3197 109 3266 lll,
128 3206 170 3257 12.
199 3209 226 3254 et
243 3200 341 3256 Suebae
360 3203 429 3256 Hist.
449 3209 476 3255 et
493 3203 584 3255 Descr.
612 3202 689 3255 Urbis
707 3202 778 3254 Τ.].
798 3203 877 3268 pto.
896 3202 939 3267 qui
957 3201 991 3253 de
1009 3203 1188 3256 vicis‘Loreti

61 3273 156 3326 maioris
180 3279 209 3326 et
227 3273 318 3326 Loreti
336 3275 455 3339 minoris,
479 3274 622 3329 coniunctis
640 3290 698 3326 cum
714 3274 882 3336 Armilustro,
904 3272 1032 3340 disputat,
1050 3291 1133 3340 neque
1147 3281 1188 3326 ta-

60 3355 111 3394 nen
128 3347 161 3396 ad
179 3351 296 3398 nostrum
314 3347 399 3398 locum
417 3347 480 3398 satia
498 3346 615 3399 attendit.
651 3346 735 3396 Varro
755 3345 781 3394 in
799 3344 922 3396 aedificiis
941 3347 1103 3398 recensendis
1121 3345 1188 3397 hunc

60 3413 167 3468 ordinem
184 3417 316 3482 seqnitur,
339 3423 370 3468 nt
387 3418 495 3486 primum
514 3416 546 3469 de
565 3415 703 3482 generibus
720 3417 803 3481 dicat,
818 3412 854 3467 de
873 3415 988 3483 oppidis,
1007 3417 1040 3470 de
1057 3418 1137 3481 vicis,
1155 3417 1188 3469 de
1241 3421 1246 3430 ¹

62 3482 115 3536 loris
133 3485 256 3556 (propter
274 3487 357 3540 iorum
373 3489 519 3541 Romanum
538 3488 621 3541 Curtii
647 3491 718 3541 laena
742 3486 886 3553 meminit),
914 3486 946 3539 de
972 3503 1048 3552 arce,
1074 3505 1188 3544 carcere,

61 3555 141 3622 circis,
159 3559 280 3624 comitio,
305 3560 390 3612 curiis.
427 3559 481 3612 Sed
499 3561 625 3614 immiscet
642 3559 702 3613 hnic
720 3559 837 3612 recensui
856 3558 1053 3624 explicationem
1071 3560 1187 3624 singulo-

62 3635 110 3678 rum
128 3630 257 3695 loeornm,
282 3646 349 3696 qnae
369 3631 401 3683 ad
419 3647 450 3684 ea
468 3647 564 3698 genera
581 3647 632 3684 nou
651 3633 794 3701 pertinent,
812 3627 881 3696 quod
901 3635 1025 3681 monstrat
1042 3636 1097 3683 tum
1115 3633 1188 3683 locna
1292 3633 1295 3640 ’

62 3695 90 3748 de
106 3699 234 3765 Laureto,
260 3707 314 3754 tuna
339 3717 405 3768 qnae
428 3705 453 3768 5.
467 3708 636 3756 155-151.
655 3705 832 3764 eontinentur,
861 3701 888 3750 in
905 3700 998 3765 quibus
1015 3701 1130 3754 locorum
1151 3703 1187 3754 si-

63 3772 109 3821 tum
127 3781 236 3826 secutur
249 3789 307 3824 esse
324 3774 434 3826 videtur.
479 3775 531 3827 Ubi
555 3775 589 3827 ad
613 3775 757 3828 Publicium
781 3773 874 3824 clivum
900 3773 1030 3838 pervenit,
1058 3767 1187 3826 aimul'de

61 3844 145 3895 ceteris
161 3845 233 3897 clivis
251 3845 366 3911 vicisque
387 3848 451 3912 agit.
617 3846 672 3912 ael]
691 3847 783 3920 iterum
802 3843 868 3896 coni.
888 3842 983 3897 addidi.
1019 3854 1071 3894 cut
1089 3847 1188 3914 Sciop-

14 3942 19 3959 .
63 3912 125 3976 pius.
235 3918 290 3982 est]
309 3917 408 3986 scripsi.
445 3926 473 3966 et
491 3915 566 3969 codd.
687 3915 801 3982 edituro]
818 3917 835 3982 i,
854 3929 878 3967 e.
896 3916 968 3967 loeus
986 3917 1064 3982 paulo
1083 3917 1184 3970 editior.
1278 3959 1285 3976 .

63 3997 79 4029 c
98 3983 193 4054 cornis]
211 3988 303 4040 retinui
324 4003 358 4040 ex
376 4005 416 4054 vg.
449 3986 592 4080 om.·eodd.

166 4089 237 4156 153.
273 4103 416 4171 maximus]
434 4119 477 4168 vg.
528 4101 645 4155 meeinua
661 4100 743 4156 'Fun
794 4100 909 4154 melinus
932 4101 968 4156 H.
1016 4071 1138 4156 mea-ilius
1162 4123 1187 4158 a.

62 4170 217 4243 aedificatis]
236 4177 335 4246 scripsi.v
378 4173 540 4242 aedificatus
558 4174 633 4228 codd.
678 4175 832 4243 Spectacula
850 4181 923 4239 sunt,
952 4173 1020 4228 uude
1045 4184 1185 4246 spectatur,

62 4237 88 4290 aa*
107 4249 224 4316 diurnos.
338 4244 534 4310 Corniculana]
553 4246 703 4300 Vertranius
720 4253 747 4298 et
758 4247 897 4299 Salmasius
913 4244 945 4297 ud
958 4247 1073 4302 Solinum
1088 4268 1113 4317 p.
1121 4251 1181 4298 386.

65 4311 159 4384 (tamt
200 4317 335 4371 cornicula
353 4318 428 4372 codd.
475 4317 560 4371 Plauti
585 4319 743 4371 Comoedias
767 4319 808 4370 ed.
826 4315 926 4382 Bothe,
956 4317 988 4372 T.
1007 4320 1053 4374 lli.
1078 4339 1102 4388 p.
1121 4322 1183 4369 559.

66 4385 161 4456 militis]
171 4391 313 4444 Turnebus.
343 4390 439 4442 milites
450 4387 523 4442 codd.
600 4389 699 4460 primo]
711 4407 752 4456 vg.
778 4390 894 4459 primum
904 4389 979 4444 codd.
1053 4389 1186 4454 Naevius]
