2864 4814
437 239 717 341 §.seem
848 317 940 343 ,,
1079 235 1151 313 ·89

31 433 120 504 locus
146 431 431 530 angustissimus,
459 431 583 527 quoius
609 428 678 502 loci
700 431 733 501 is
756 429 919 528 angulus.
1077 425 1188 504 426

31 533 216 605 rictionum
247 535 352 624 trium
380 533 513 629 primus
536 533 685 630 agitatus
708 534 851 626 mentis,
881 529 976 628 quod
1000 531 1152 628 primum

31 662 65 705 ea
80 661 181 732 „quae
210 661 329 706 sumus
350 636 484 725 acturi,
523 636 674 732 cogitare
703 633 889 727 debemus,
929 632 1053 705 deinde
1073 645 1153 718 ,tum

32 738 135 808 <licere
161 761 202 808 ac
232 737 359 808 facere.
413 737 469 807 De
498 735 553 807 his
587 734 698 807 tribus
728 738 868 807 minime
899 745 999 832 putat
1026 734 1151 833 volgus

31 864 95 908 esse
118 831 290 910 actionem
316 839 581 936 cogitationem
621 838 760 909 tertium
793 838 830 908 in
856 863 926 934 quo
955 836 1041 935 quid
1066 836 1152 908 faci·

31 965 119 1032 mus,
157 940 196 1012 id
228 965 448 1033 maxumum3
491 938 553 1011 sed
583 949 617 1011 et
645 964 750 1036 quom
780 964 843 1010 nos
869 941 1041 1038 agitamus
1067 935 1152 1037 quid

32 1051 59 1110 cl
81 1067 155 1112 cam
181 1067 255 1114 rem
285 1045 454 1142 agitamus
478 1043 514 1112 in
538 1051 672 1132 mente,
711 1041 865 1139 agimus3
905 1052 939 1111 et
964 1067 1043 1112 cum
1068 1061 1193 1138 pro-sa

31 1145 250 1236 nuntiamus,
277 1147 423 1242 agimus.
482 1143 604 1238 ltaque
629 1140 673 1212 ab
699 1166 741 1213 eo
766 1152 882 1214 orator
906 1167 1037 1239 agere
1062 1143 1210 1234 dici-232

31 1253 79 1312 tur
103 1269 281 1316 causam
311 1255 347 1317 et
370 1269 519 1341 augures
545 1245 786 1343 augurium
812 1262 946 1342 agere
974 1241 1150 1336 dicuntur,

32 1369 125 1441 quom
152 1350 190 1418 in
216 1372 257 1419 eo
283 1347 383 1443 plura
407 1347 524 1418 dicant
549 1345 822 1442 quamrfaciant.

123 1471 195 1547 45.
239 1473 459 1574 Gog'itare
491 1501 512 1546 a
544 1473 700 1572 cogendo
733 1472 885 1570 dictum,
925 1499 1023 1546 mens
1053 1473 1155 1572 plura

34 1576 197 1647 inunum
224 1580 317 1676 cogit
340 1576 432 1648 unde
457 1576 583 1675 eligere
608 1577 731 1672 possit.
786 1575 848 1649 Sic
875 1602 894 1646 e
918 1574 1009 1648 lacte
1034 1586 1155 1648 coacto

35 1701 182 1748 caseus
215 1681 439 1772 nominatus3
481 1680 533 1749 sie
559 1703 602 1748 ex
631 1675 829 1749 homiuibus
866 1679 1015 1748 contio
1045 1676 1151 1769 dicta,

33 1779 72 1848 sic
93 1782 343 1877 wimplio,
371 1781 422 1852 sic
449 1781 689 1876 compitum
713 1781 941 1852 nominatum.
995 1772 1033 1850 Α
1059 1780 1229 1878 cogi-(53)

34 1881 150 1952 talione
177 1880 437 1974 concilium,
464 1880 545 1952 inde
569 1878 845 1960 consilium*
897 1881 947 1952 Et
972 1881 1154 1955 vestimen·

35 1991 94 2050 tum
121 1980 217 2077 apud
241 1982 408 2054 fullonem
426 2003 536 2080 quom
563 1984 713 2082 cogitur,
742 1982 982 2055 conciliari
1006 1981 1150 2054 dictum.

34 2077 89 2152 tl.
116 2082 180 2155 Sic
201 2086 440 2175 reminisci,
469 2110 575 2181 quom
596 2110 637 2156 ea
659 2109 748 2179 quae
771 2086 880 2158 tenuit
902 2108 999 2156 mens
1018 2109 1059 2154 ac
1081 2108 1153 2155 me·
1196 2113 1199 2118 ·

34 2186 141 2276 moria,
171 2185 354 2284 cogitando
373 2196 586 2282 repetuntur.
635 2184 733 2256 Hinc
756 2189 859 2258 etiam
882 2187 1217 2274 comminisci&
1246 2255 1250 2264 ,

35 2282 176 2379 dictum,
219 2313 239 2358 a
268 2313 335 2359 con
361 2299 549 2386 cimento,
592 2312 699 2383 quom
732 2285 933 2386 linguntur,
970 2289 1007 2357 in
1039 2299 1153 2360 mente

33 2409 108 2478 quae
140 2414 214 2461 non
249 2398 353 2484 sunt,
398 2399 432 2459 et
464 2386 508 2458 ab
538 2387 608 2459 hoc
644 2386 731 2458 illud
762 2387 858 2484 quod
890 2387 1017 2458 dicitur
1051 2390 1152 2459 emi·

32 2488 158 2583 nisci,
209 2516 314 2587 quom
349 2497 580 2561 commentum
617 2491 872 2587 pronuntiatur.
939 2484 1001 2560 Ab
1033 2487 1153 2561 eadem

34 2601 133 2662 mente
171 2594 433 2664 meminisse
473 2590 605 2661 dictum
641 2601 675 2662 et
708 2616 859 2661 amens
895 2592 956 2688 qui
988 2601 1154 2662 amente

34 2713 84 2760 sua
115 2692 309 2768 descendit.
481 2689 550 2766 45.
581 2691 894 2770 *Meminisse
927 2693 1210 2801 amemoriastge

134 2851 190 2918 42.
211 2867 269 2934 nos]
289 2867 355 2918 coni.
372 2866 500 2932 Scaliger.
535 2865 645 2917 iiost.
664 2870 691 2916 et
704 2864 749 2930 H,
767 2863 809 2917 hic
827 2865 914 2917 deleto
930 2863 955 2919 h.
991 2885 1020 2918 os
1039 2868 1089 2919 Ga.
1125 2865 1157 2918 ld

38 2936 176 2992 aVietorio
196 2939 263 2991 coni.
282 2939 412 2990 inventum
429 2937 528 3005 recepit
546 2937 714 3005 Spengelius,
732 2939 888 3006 nescioquo
906 2953 992 2990 sensu.
1100 2955 1155 2987 rem

38 3006 171 3076 agitamus]
184 3009 252 3062 Gab.
288 3009 439 3078 cgimcmus
453 3009 489 3060 Η.
526 3008 674 3079 cogitamus
692 3008 723 3060 F.
745 3014 775 3060 ut
791 3024 834 3074 vg.
948 3009 977 3058 in
995 3006 1091 3074 mente]
1110 3023 1156 3059 au·

38 3080 72 3128 lea
88 3096 142 3134 cum
162 3097 235 3148 seqq.
254 3081 465 3146 coniungebatur.

135 3173 187 3238 43.
212 3187 319 3258 erigere]
337 3187 539 3251 nictantem,
564 3190 591 3236 o
608 3184 646 3236 sic
663 3200 687 3235 a.
712 3189 742 3235 uc
760 3181 811 3236 vu.
853 3183 944 3234 eccere
962 3183 1011 3236 m.
1052 3183 1156 3237 elzieere

39 3255 66 3309 G.
98 3258 180 3312 dicere
198 3260 234 3312 H.
358 3257 521 3324 consilium]
544 3255 602 3308 huic
620 3254 746 3308 vocabulo
765 3254 837 3325 quod
854 3256 951 3307 addunt
969 3256 1060 3322 codd,
1086 3259 1156 3324 quod

40 3327 109 3382 omisi.
196 3329 290 3396 Εἰμὶ.
315 3338 346 3380 ut
365 3335 427 3384 cett.
561 3325 708 3392 conciliari]
726 3329 861 3392 Augustin.
880 3329 906 3379 in
923 3344 1005 3394 marg.
1025 3344 1058 3379 ex
1075 3330 1152 3394 coni,

39 3396 191 3467 Veniamus,
210 3402 357 3468 Scioppius.
399 3397 536 3450 consiliari
554 3397 629 3450 codd.
680 3399 735 3450 Sed
760 3399 912 3464 conciliare,
937 3415 988 3450 non
1012 3401 1157 3466 consiliare,

40 3467 152 3534 significat
171 3489 281 3539 cogere,
305 3472 470 3526 condensere.

135 3563 187 3630 44.
215 3576 342 3643 eminisci]
361 3577 460 3643 scripsi.
504 3572 637 3626 reminisci
655 3573 732 3626 codd.
775 3573 854 3629 Quod
872 3589 930 3626 cum
955 3580 1045 3640 aperte
1062 3573 1156 3627 falsum

40 3643 67 3695 sit
82 3655 106 3701 et
121 3653 226 3703 verbum
245 3665 303 3702 cum
321 3646 541 3714 aliopracverbio
560 3646 730 3713 compositum
743 3641 790 3698 liic
808 3648 880 3698 locus
898 3647 1027 3713 postulem
1057 3647 1155 3698 nullum
1197 3666 1221 3726 χ

39 3714 59 3765 in
75 3734 102 3770 eo
119 3739 213 3786 genere
231 3719 447 3773 accommodatius
472 3734 548 3783 quam
573 3717 691 3766 eminisci
697 3749 703 3771 ‚
732 3718 809 3768 etiam
827 3717 849 3766 si
867 3717 924 3767 siue
941 3717 1059 3783 exemplo
1078 3724 1156 3768 esset.

40 3786 83 3838 Sed
100 3801 225 3846 servatum
240 3800 280 3844 est
299 3791 347 3842 hoc
365 3791 470 3842 verbum
489 3791 515 3842 in
534 3789 603 3840 notis
621 3788 767 3840 Tironianls
786 3793 813 3840 et
832 3788 925 3851 glossis
943 3787 1052 3852 Isidori,
1078 3794 1157 3854 atque

41 3859 153 3916 redditum
178 3865 257 3916 etism
276 3861 396 3922 Cornelio
416 3861 528 3928 Nepoti,
557 3859 639 3910 Alcib.
658 3863 699 3923 2.,
725 3858 757 3908 ab
776 3858 955 3926 Heusingero,
978 3875 1056 3926 ,quem
1081 3860 1157 3913 vitleo

41 3921 95 4050 guill)
111 3951 209 4001 quoque
224 3935 347 3988 Varronis
366 3933 451 3984 locum
470 3931 562 3998 mendo
581 3932 626 3982 illo
644 3931 696 3981 iam
714 3929 845 3982 liberasse.
882 3931 913 3984 V.
932 3931 1071 3983 Forcelliui
1088 3931 1157 3986 Lex.
1205 3985 1207 4000 ¹

59 4007 200 4074 cneeberg.

125 4089 187 4154 Ι45.
215 4112 242 4154 et
257 4120 328 4173 seqq.
364 4102 393 4153 ln
419 4099 494 4152 codd.
507 4097 579 4160 ,llaec
597 4105 684 4164 styma
701 4097 738 4148 ita
760 4097 886 4166 disposita
909 4097 1003 4152 habese
1033 4097 1159 4170 Cogitate

42 4181 100 4236 ⁸qu.
118 4173 154 4242 (ς.
169 4177 237 4243 43).
278 4175 322 4224 Sic
340 4171 471 4224 reminisci
490 4171 571 4238 (44.).
613 4171 687 4220 Hinc
705 4168 787 4218 etiam
806 4179 894 4220 nretuo
913 4169 1008 4238 (495).
1058 4176 1159 4223 Curare

43 4236 112 4307 (tn),
149 4247 214 4299 Volo
233 4245 314 4313 (47.)
360 4247 483 4296 Metuere
503 4242 584 4309 (48.)
628 4238 781 4292 Meminisse
799 4239 892 4308 (453).
934 4244 1057 4294 Manere
1075 4242 1157 4308 (50).

45 4309 119 4366 darre
132 4316 213 4388 (51).
256 4319 291 4370 m
315 4316 392 4370 facile
415 4314 585 4380 intelligitur,
609 4313 682 4364 verbi
700 4311 846 4366 meminisse
871 4319 975 4379 etymon
999 4313 1157 4366 tractandum
