2874 4804
286 233 369 308 248
668 231 794 305 brnen
829 259 1027 306 necinus.

385 419 455 494 54.
494 419 607 492 Tertii
631 419 788 518 generis,
822 445 910 517 quae
934 417 1152 495 declinantur
1181 444 1257 493 cum
1276 432 1372 516 tempe·
1402 479 1403 524 ,

224 523 384 626 peribus
413 547 455 594 ae
482 520 642 613 casibus,
677 545 720 592 ae
745 534 913 596 vocantur
938 549 958 594 a
984 523 1103 595 multis
1128 520 1205 595 ideo
1228 522 1372 620 participa·
1402 531 1403 560 ³

187 627 349 719 naalia,
378 635 461 697 sunt
485 624 553 696 hoc
578 648 622 722 ge
651 675 660 692 .
687 675 697 694 .
726 675 736 694 .
1402 643 1403 650 ¹

673 739 751 808 Hic
780 740 914 809 desunt
944 740 1020 809 trio

788 840 904 932 solia.

281 948 350 1024 55.
383 1003 392 1022 .
421 1003 431 1022 .
457 1003 466 1022 .
501 950 792 1048 quemadmodum
817 948 1068 1042 declinamus,
1088 950 1279 1048 quaerimus
1302 974 1373 1020 casus

281 1055 376 1144 eius,
411 1055 544 1125 etiamsi
568 1055 598 1124 is
624 1054 688 1162 qui
713 1051 813 1152 liquit
838 1061 938 1149 poeta
967 1050 1108 1149 aliquod
1141 1049 1330 1122 vocabulum
1352 1059 1374 1120 et

284 1152 330 1248 ab
362 1179 404 1226 eo
435 1156 622 1250 casu‘ipse
657 1153 807 1251 aliquem
837 1178 1017 1252 perperam
1050 1154 1253 1244 declinarit,
1289 1153 1372 1248 potius
1403 1199 1404 1232 .

283 1280 363 1326 eum
387 1255 672 1354 reprehendimus
696 1282 799 1352 quam
827 1257 1017 1352 sequimur.
1067 1257 1281 1355 Igitur‘ratio
1299 1277 1374 1350 quan

283 1355 383 1448 dico,
418 1356 601 1456 utrobique
626 1369 679 1430 est
712 1361 806 1428 etin
831 1357 886 1428 his
912 1356 1027 1428 verbis
1052 1383 1142 1454 quae
1175 1358 1372 1453 imponuntur,

281 1468 316 1530 et
339 1461 378 1530 in
401 1459 456 1532 his
482 1485 571 1557 quae
595 1460 833 1552 declinantur,
868 1484 980 1555 neque
1005 1484 1075 1532 nou
1102 1462 1205 1533 etiarn
1229 1459 1316 1529 tertia
1334 1453 1374 1524 illa

281 1585 370 1657 quae
396 1583 439 1633 cx
469 1573 616 1660 utroque
645 1562 810 1633 miscetur
842 1585 981 1660 genere.
1015 1565 1021 1576 '
1151 1558 1219 1631 56.
1252 1560 1375 1649 Quarum

221 1680 511 1761 rseunequaequc
543 1665 631 1736 ratio
667 1661 792 1735 collata
830 1688 909 1734 cum
944 1661 1050 1733 altera
1083 1673 1152 1745 aut
1174 1659 1303 1751 similis,
1335 1668 1375 1726 aut

280 1761 476 1857 dissimilis3
509 1775 569 1834 aut
592 1790 695 1860 saepe
720 1763 826 1834 verba
851 1765 939 1854 alia,
974 1765 1062 1835 ratio
1088 1763 1228 1858 eadem,
1263 1773 1293 1833 et
1313 1784 1374 1829 non·

279 1888 458 1959 nunquam
478 1867 567 1937 ratio
587 1865 667 1954 alia,
692 1863 799 1936 verba
821 1864 955 1935 eadem.
1007 1865 1112 1956 Quae
1133 1866 1217 1937 ratio
1238 1865 1273 1934 in
1292 1885 1372 1948 amor,

279 1967 409 2058 amori,
438 1965 557 2039 eadem
570 1968 619 2068 ,in
645 1966 763 2057 dolor,
793 1964 924 2054 dolori,
952 1981 1065 2062 neque
1092 1966 1209 2039 eadem
1233 1967 1267 2036 in
1290 1962 1371 2046 dolor,

279 2064 460 2161 dolorem,
488 2079 538 2142 ‚et
571 2091 650 2138 cum
684 2066 804 2140 eadem
837 2068 928 2138 ratio
967 2093 1058 2166 quae
1092 2079 1147 2140 est
1179 2070 1214 2140 in
1243 2091 1326 2137 amor
1351 2071 1373 2131 et

223 2169 426 2271 ffiemoris,
456 2168 500 2240 sit
521 2170 559 2239 in
582 2195 715 2242 amores
741 2178 775 2240 ct
796 2194 971 2242 amorum:
1000 2181 1118 2242 tamen
1142 2196 1200 2262 ea,
1226 2167 1309 2266 quod
1324 2187 1373 2233 non

279 2270 317 2340 in
347 2294 387 2340 ea
421 2296 489 2367 qua
521 2282 682 2367 oportet,
721 2271 897 2343 confertur
932 2274 1097 2363 materia,
1137 2298 1199 2368 per
1228 2296 1262 2342 se
1290 2266 1373 2339 solun

278 2369 414 2444 efficere
440 2399 512 2446 non
532 2384 645 2469 potest
669 2373 847 2472 analogias
872 2385 1014 2470 propter
1035 2373 1286 2470 disparilitatem
1302 2367 1372 2439 vocis

277 2471 491 2570 figurarumJ
524 2474 619 2572 quod
640 2475 785 2547 verbum
805 2474 1003 2571 copulatum
1026 2474 1201 2573 singulare
1222 2499 1293 2546 cum
1309 2465 1373 2540 mul·

277 2574 425 2647 titudine
449 2579 497 2646 ita
520 2601 600 2647 cum
626 2587 680 2648 est
703 2579 946 2676 proportione,
974 2585 1015 2647 ut
1036 2577 1180 2649 eandem
1204 2575 1316 2647 habeat
1335 2593 1373 2638 ra·

276 2677 427 2767 tionem,
465 2688 540 2747 tum
563 2678 712 2774 denique
737 2705 778 2751 ea
802 2680 889 2750 ratio
915 2676 1054 2750 conficit
1081 2679 1119 2750 id
1142 2679 1235 2777 quod
1256 2669 1373 2775 postulat

275 2774 457 2874 analogia,
483 2777 526 2850 de
548 2805 618 2878 qua
640 2780 804 2878 deinceps
830 2779 957 2852 dicam.

1298 2853 1307 2892 Ι

236 2927 265 3001 5
358 2913 446 2988 ’57.
484 2915 652 3014 Sequitur
675 2917 797 2988 tertius
820 2915 939 3008 loeus,
969 2941 1057 3014 quae
1079 2920 1124 2990 sit
1149 2918 1234 2990 ratio
1257 2935 1372 3014 propor-

274 3018 387 3111 tione,
420 3043 509 3116 quae
539 3045 559 3090 a
585 3017 730 3090 Graecis
756 3031 901 3092 vocatur
933 3014 1150 3114 α’νάλογονε
1185 3019 1228 3091 ab
1257 3015 1373 3109 analogo

149 3187 150 3192 ,
275 3116 367 3189 diota
398 3121 569 3220 analogia.
634 3121 693 3192 Ex
722 3121 843 3193 eodem
872 3146 999 3218 genere
1032 3147 1122 3218 quae
1156 3148 1211 3194 res
1242 3123 1321 3192 inter
1346 3137 1379 3182 se'

167 3225 168 3230 ’
274 3218 389 3319 aliqua
414 3233 512 3319 parte
544 3223 728 3296 dissimiles
753 3226 921 3297 rationem
945 3222 1075 3295 habent
1099 3223 1268 3323 aliquam,
1296 3220 1321 3291 si
1341 3209 1372 3285 el

383 3419 436 3487 34.
462 3435 511 3487 hoc
527 3453 561 3508 ge
580 3476 609 3490 ..
628 3436 655 3501 .]
675 3435 724 3488 boe
746 3455 832 3508 genus
855 3437 936 3491 fuisse
953 3439 1064 3493 videtur.
1098 3435 1214 3511 gerundi
1232 3433 1328 3506 inlectus
1340 3439 1370 3490 Vl·

385 3527 439 3577 nn.
458 3567 465 3580 .
546 3524 633 3598 solia]
651 3527 682 3582 r.
707 3512 734 3579 o
751 3527 835 3581 vnn.
854 3547 880 3582 a.
914 3529 1040 3582 simron
1064 3546 1087 3583 a.
1130 3529 1186 3582 oe
1208 3527 1237 3580 n
1257 3511 1371 3588 ...empne

270 3606 349 3668 erant
366 3601 384 3648 8
403 3607 547 3650 cartonen
564 3599 662 3667 scripte
679 3599 834 3651 Mutinensis
852 3599 952 3665 codex,
970 3601 996 3652 iu
1013 3617 1066 3668 quo
1083 3602 1150 3668 sigla
1166 3606 1184 3653 8
1202 3604 1256 3652 orta
1271 3600 1307 3650 est
1318 3604 1344 3643 ex
1352 3591 1369 3635 ³·
1407 3643 1408 3648 ,

251 3669 326 3739 ‘Hic
350 3667 460 3720 deerant
484 3677 539 3720 tres
565 3679 658 3721 certae
682 3669 710 3722 in
727 3668 873 3737 exemplari
891 3672 926 3725 H.
952 3678 1014 3740 post
1030 3689 1054 3724 v.
1073 3671 1139 3725 ideo.
1176 3671 1369 3725 'rerumrerum
1407 3671 1408 3726 ζ

269 3742 379 3807 spatium
397 3741 516 3794 relictum
534 3747 575 3794 est
591 3742 618 3794 ia
636 3743 671 3796 G.
708 3742 846 3794 Caeterum
867 3759 891 3794 r.
909 3745 1096 3810 Argumentum
1114 3743 1181 3796 libri.
1407 3729 1408 3754 ¹

380 3841 432 3910 35.
459 3856 483 3908 is
502 3856 560 3929 qm]
578 3854 603 3909 si
621 3857 668 3928 qni
686 3859 753 3910 coni.
772 3858 897 3926 Spengel.
916 3859 1092 3927 probabiliter.
1129 3859 1169 3913 Cl.
1188 3865 1269 3910 tamen
1285 3851 1324 3913 IX,
1338 3846 1368 3896 ll·

289 4049 290 4056 ἵ
377 3966 432 4034 36.
457 3983 582 4052 materia]
598 4000 639 4050 vg.
677 4001 695 4032 α
713 3983 828 4034 materia
846 3984 921 4036 codd.
1036 3981 1184 4053 singulare]
1199 3997 1239 4048 vg.
1272 3967 1368 4040 singula-

267 4069 321 4103 ΝΜ
339 4056 414 4109 eodd.
564 4055 748 4122 multitudine]
775 4053 957 4108 multitudinis
983 4056 1050 4109 coni.
1069 4056 1192 4124 Spengel.
1236 4048 1291 4106 Sed,
1306 4044 1368 4094 Varro

268 4131 377 4190 utraque
395 4127 478 4180 forma
496 4123 649 4191 (multitudo
667 4132 694 4178 et
710 4126 894 4194 multitudinis)
912 4127 1000 4179 utitur.
1040 4125 1072 4180 V.
1091 4125 1170 4190 vill,
1191 4127 1231 4177 46.
1249 4123 1289 4174 48.
1304 4117 1339 4166 67·

379 4221 431 4287 37·
455 4241 625 4309 P⁷⁰P⁰fti⁰n⁶
642 4244 723 4314 quae]
741 4243 772 4296 Ρ.
808 4259 857 4296 om.
877 4243 954 4296 GHa.
991 4241 1045 4296 Sed
1064 4243 1180 4296 dubitare
1198 4240 1262 4302 noli,
1278 4231 1327 4300 quin
1342 4225 1366 4275 itt

266 4309 349 4361 Varro
367 4310 506 4376 scripserit.
606 4315 725 4380 Graecis]
740 4331 781 4380 vg.
817 4330 915 4386 graeco
933 4316 977 4368 Fe,
1012 4331 1109 4386 graece
1123 4315 1181 4368 GH,
1267 4293 1365 4360 vocetur]
1407 4335 1408 4376 ,
