<?xml version="1.0" encoding="UTF-8"?>
<!DOCTYPE html PUBLIC "-//W3C//DTD XHTML 1.0 Transitional//EN"
    "http://www.w3.org/TR/xhtml1/DTD/xhtml1-transitional.dtd">
<html xmlns="http://www.w3.org/1999/xhtml" xml:lang="en" lang="en">
 <head>
  <title>
</title>
<meta http-equiv="Content-Type" content="text/html;charset=utf-8" />
  <meta name='ocr-system' content='tesseract 3.04.00' />
  <meta name='ocr-capabilities' content='ocr_page ocr_carea ocr_par ocr_line ocrx_word'/>
</head>
<body>
  <div class='ocr_page' id='page_1' title='image "./mterentivarroni00mlgoog/mterentivarroni00mlgoog_0300.png"; bbox 0 0 2874 4804; ppageno 0'>
   <div class='ocr_carea' id='block_1_1' title="bbox 263 223 1004 302">
    <p class='ocr_par' dir='ltr' id='par_1_1' title="bbox 263 223 1004 302">
     <span class='ocr_line' id='line_1_1' title="bbox 263 223 1004 302; baseline -0.019 -4"><span class='ocrx_word' id='word_1_1' title='bbox 263 223 349 302; x_wconf 68' lang='lat' dir='ltr'><strong>W,</strong></span> <span class='ocrx_word' id='word_1_2' title='bbox 651 247 774 290; x_wconf 79' lang='lat' dir='ltr'><strong>arnan</strong></span> <span class='ocrx_word' id='word_1_3' title='bbox 812 240 1004 288; x_wconf 77' lang='lat' dir='ltr'><strong>nectarus.</strong></span> 
     </span>
    </p>
   </div>
   <div class='ocr_carea' id='block_1_2' title="bbox 188 399 1434 1732">
    <p class='ocr_par' dir='ltr' id='par_1_2' title="bbox 263 399 1399 596">
     <span class='ocr_line' id='line_1_2' title="bbox 264 399 1399 499; baseline -0.016 -10"><span class='ocrx_word' id='word_1_4' title='bbox 264 417 391 490; x_wconf 81' lang='lat' dir='ltr'><strong>Roma.</strong></span> <span class='ocrx_word' id='word_1_5' title='bbox 454 410 511 482; x_wconf 82' lang='lat' dir='ltr'><strong>De</strong></span> <span class='ocrx_word' id='word_1_6' title='bbox 544 405 600 478; x_wconf 82' lang='lat' dir='ltr'><strong>his</strong></span> <span class='ocrx_word' id='word_1_7' title='bbox 632 401 769 476; x_wconf 88' lang='lat' dir='ltr'><strong>duabus</strong></span> <span class='ocrx_word' id='word_1_8' title='bbox 800 399 956 499; x_wconf 87' lang='lat' dir='ltr'><strong>partibus</strong></span> <span class='ocrx_word' id='word_1_9' title='bbox 989 400 1182 473; x_wconf 84' lang='lat' dir='ltr'><strong>voluntaria</strong></span> <span class='ocrx_word' id='word_1_10' title='bbox 1213 399 1399 473; x_wconf 81' lang='lat' dir='ltr'><strong>declinatio</strong></span> 
     </span>
     <span class='ocr_line' id='line_1_3' title="bbox 263 500 1399 596; baseline -0.017 -5"><span class='ocrx_word' id='word_1_11' title='bbox 263 517 413 592; x_wconf 85' lang='lat' dir='ltr'><strong>refertur</strong></span> <span class='ocrx_word' id='word_1_12' title='bbox 435 511 480 584; x_wconf 92' lang='lat' dir='ltr'><strong>ad</strong></span> <span class='ocrx_word' id='word_1_13' title='bbox 502 506 797 596; x_wconf 80' lang='lat' dir='ltr'><strong>consuetudinem,</strong></span> <span class='ocrx_word' id='word_1_14' title='bbox 822 502 987 575; x_wconf 89' lang='lat' dir='ltr'><strong>naturalis</strong></span> <span class='ocrx_word' id='word_1_15' title='bbox 1007 501 1052 574; x_wconf 89' lang='lat' dir='ltr'><strong>ad</strong></span> <span class='ocrx_word' id='word_1_16' title='bbox 1072 505 1252 576; x_wconf 89' lang='lat' dir='ltr'><strong>rationem.</strong></span> <span class='ocrx_word' id='word_1_17' title='bbox 1338 500 1399 574; x_wconf 81' lang='lat'><strong>16.</strong></span> 
     </span>
    </p>

    <p class='ocr_par' dir='ltr' id='par_1_3' title="bbox 205 603 1399 712">
     <span class='ocr_line' id='line_1_4' title="bbox 205 603 1399 712; baseline -0.014 -20"><span class='ocrx_word' id='word_1_18' title='bbox 205 656 252 700; x_wconf 78' lang='lat'><strong>553</strong></span> <span class='ocrx_word' id='word_1_19' title='bbox 264 620 384 712; x_wconf 85' lang='lat' dir='ltr'><strong>Quare</strong></span> <span class='ocrx_word' id='word_1_20' title='bbox 408 611 556 709; x_wconf 79' lang='lat' dir='ltr'><strong>proinde</strong></span> <span class='ocrx_word' id='word_1_21' title='bbox 581 634 622 682; x_wconf 89' lang='lat' dir='ltr'><strong>ac</strong></span> <span class='ocrx_word' id='word_1_22' title='bbox 647 607 759 680; x_wconf 91' lang='lat' dir='ltr'><strong>simile</strong></span> <span class='ocrx_word' id='word_1_23' title='bbox 785 605 935 678; x_wconf 85' lang='lat' dir='ltr'><strong>conferri</strong></span> <span class='ocrx_word' id='word_1_24' title='bbox 958 631 1029 678; x_wconf 90' lang='lat' dir='ltr'><strong>non</strong></span> <span class='ocrx_word' id='word_1_25' title='bbox 1051 615 1186 702; x_wconf 82' lang='lat' dir='ltr'>oportet</span> <span class='ocrx_word' id='word_1_26' title='bbox 1205 629 1247 676; x_wconf 89' lang='lat' dir='ltr'><strong>ac</strong></span> <span class='ocrx_word' id='word_1_27' title='bbox 1269 603 1399 696; x_wconf 83' lang='lat' dir='ltr'>dicere,</span> 
     </span>
    </p>

    <p class='ocr_par' dir='ltr' id='par_1_4' title="bbox 188 706 1434 1732">
     <span class='ocr_line' id='line_1_5' title="bbox 188 706 1401 811; baseline -0.014 -16"><span class='ocrx_word' id='word_1_28' title='bbox 188 713 304 811; x_wconf 58' lang='lat' dir='ltr'><strong>(scant</strong></span> <span class='ocrx_word' id='word_1_29' title='bbox 330 721 374 792; x_wconf 90' lang='lat' dir='ltr'><strong>sit</strong></span> <span class='ocrx_word' id='word_1_30' title='bbox 395 717 439 790; x_wconf 90' lang='lat' dir='ltr'><strong>ab</strong></span> <span class='ocrx_word' id='word_1_31' title='bbox 460 719 575 789; x_wconf 86' lang='lat' dir='ltr'><strong>Roma</strong></span> <span class='ocrx_word' id='word_1_32' title='bbox 599 714 840 800; x_wconf 86' lang='lat' dir='ltr'><strong>Romanus,</strong></span> <span class='ocrx_word' id='word_1_33' title='bbox 870 709 920 779; x_wconf 87' lang='lat' dir='ltr'><strong>sic</strong></span> <span class='ocrx_word' id='word_1_34' title='bbox 941 733 984 780; x_wconf 83' lang='lat' dir='ltr'><strong>ex</strong></span> <span class='ocrx_word' id='word_1_35' title='bbox 1006 706 1127 804; x_wconf 80' lang='lat' dir='ltr'><strong>Capua</strong></span> <span class='ocrx_word' id='word_1_36' title='bbox 1151 706 1220 779; x_wconf 93' lang='lat' dir='ltr'><strong>dici</strong></span> <span class='ocrx_word' id='word_1_37' title='bbox 1243 717 1401 804; x_wconf 80' lang='lat' dir='ltr'><strong>oportere</strong></span> 
     </span>
     <span class='ocr_line' id='line_1_6' title="bbox 264 807 1397 918; baseline -0.016 -22"><span class='ocrx_word' id='word_1_38' title='bbox 264 822 479 918; x_wconf 78' lang='lat' dir='ltr'><strong>Capuauus3</strong></span> <span class='ocrx_word' id='word_1_39' title='bbox 528 813 623 912; x_wconf 86' lang='lat' dir='ltr'><strong>quod</strong></span> <span class='ocrx_word' id='word_1_40' title='bbox 666 814 704 882; x_wconf 94' lang='lat' dir='ltr'><strong>in</strong></span> <span class='ocrx_word' id='word_1_41' title='bbox 741 808 991 883; x_wconf 90' lang='lat' dir='ltr'><strong>consuetudine</strong></span> <span class='ocrx_word' id='word_1_42' title='bbox 1028 807 1249 881; x_wconf 83' lang='lat' dir='ltr'><strong>vehementer</strong></span> <span class='ocrx_word' id='word_1_43' title='bbox 1284 818 1397 900; x_wconf 77' lang='lat' dir='ltr'><strong>natat,</strong></span> 
     </span>
     <span class='ocr_line' id='line_1_7' title="bbox 263 909 1400 1022; baseline -0.014 -26"><span class='ocrx_word' id='word_1_44' title='bbox 263 922 359 1022; x_wconf 89' lang='lat' dir='ltr'><strong>quod</strong></span> <span class='ocrx_word' id='word_1_45' title='bbox 392 919 603 992; x_wconf 76' lang='lat' dir='ltr'><strong>declinantes</strong></span> <span class='ocrx_word' id='word_1_46' title='bbox 637 914 793 1011; x_wconf 92' lang='lat' dir='ltr'><strong>imperite</strong></span> <span class='ocrx_word' id='word_1_47' title='bbox 827 909 932 982; x_wconf 88' lang='lat' dir='ltr'><strong>rebus</strong></span> <span class='ocrx_word' id='word_1_48' title='bbox 965 913 1107 983; x_wconf 88' lang='lat' dir='ltr'><strong>nomina</strong></span> <span class='ocrx_word' id='word_1_49' title='bbox 1141 913 1348 1008; x_wconf 84' lang='lat' dir='ltr'><strong>imponunt,</strong></span> <span class='ocrx_word' id='word_1_50' title='bbox 1383 936 1400 980; x_wconf 88' lang='lat' dir='ltr'><strong>a</strong></span> 
     </span>
     <span class='ocr_line' id='line_1_8' title="bbox 264 1011 1400 1122; baseline -0.011 -25"><span class='ocrx_word' id='word_1_51' title='bbox 264 1023 392 1122; x_wconf 86' lang='lat' dir='ltr'><strong>quibus</strong></span> <span class='ocrx_word' id='word_1_52' title='bbox 418 1045 497 1094; x_wconf 92' lang='lat' dir='ltr'><strong>cum</strong></span> <span class='ocrx_word' id='word_1_53' title='bbox 523 1019 657 1115; x_wconf 90' lang='lat' dir='ltr'><strong>accepit</strong></span> <span class='ocrx_word' id='word_1_54' title='bbox 684 1013 921 1104; x_wconf 85' lang='lat' dir='ltr'><strong>consuetudo,</strong></span> <span class='ocrx_word' id='word_1_55' title='bbox 957 1011 1155 1084; x_wconf 88' lang='lat' dir='ltr'><strong>turbulenta</strong></span> <span class='ocrx_word' id='word_1_56' title='bbox 1181 1037 1328 1085; x_wconf 88' lang='lat' dir='ltr'><strong>necesse</strong></span> <span class='ocrx_word' id='word_1_57' title='bbox 1353 1022 1400 1084; x_wconf 90' lang='lat' dir='ltr'><strong>est</strong></span> 
     </span>
     <span class='ocr_line' id='line_1_9' title="bbox 264 1113 1397 1219; baseline -0.01 -21"><span class='ocrx_word' id='word_1_58' title='bbox 264 1127 394 1198; x_wconf 79' lang='lat' dir='ltr'><strong>dicere.</strong></span> <span class='ocrx_word' id='word_1_59' title='bbox 448 1124 572 1219; x_wconf 86' lang='lat' dir='ltr'><strong>Itaque</strong></span> <span class='ocrx_word' id='word_1_60' title='bbox 598 1141 711 1216; x_wconf 86' lang='lat' dir='ltr'><strong>neque</strong></span> <span class='ocrx_word' id='word_1_61' title='bbox 737 1113 971 1207; x_wconf 75' lang='lat' dir='ltr'><strong>Aristarchii,</strong></span> <span class='ocrx_word' id='word_1_62' title='bbox 998 1139 1112 1212; x_wconf 89' lang='lat' dir='ltr'><strong>neque</strong></span> <span class='ocrx_word' id='word_1_63' title='bbox 1138 1114 1196 1186; x_wconf 90' lang='lat' dir='ltr'><strong>alii</strong></span> <span class='ocrx_word' id='word_1_64' title='bbox 1220 1123 1258 1186; x_wconf 92' lang='lat' dir='ltr'><strong>in</strong></span> <span class='ocrx_word' id='word_1_65' title='bbox 1284 1113 1397 1187; x_wconf 88' lang='lat' dir='ltr'><strong>analo·</strong></span> 
     </span>
     <span class='ocr_line' id='line_1_10' title="bbox 264 1215 1399 1326; baseline -0.013 -25"><span class='ocrx_word' id='word_1_66' title='bbox 264 1230 329 1326; x_wconf 75' lang='lat' dir='ltr'><strong>giis</strong></span> <span class='ocrx_word' id='word_1_67' title='bbox 365 1223 617 1298; x_wconf 83' lang='lat' dir='ltr'><strong>defendendam</strong></span> <span class='ocrx_word' id='word_1_68' title='bbox 652 1222 727 1292; x_wconf 90' lang='lat' dir='ltr'><strong>eius</strong></span> <span class='ocrx_word' id='word_1_69' title='bbox 765 1227 993 1313; x_wconf 85' lang='lat' dir='ltr'><strong>susceperuut</strong></span> <span class='ocrx_word' id='word_1_70' title='bbox 1031 1241 1191 1309; x_wconf 81' lang='lat' dir='ltr'><strong>causam,</strong></span> <span class='ocrx_word' id='word_1_71' title='bbox 1238 1215 1325 1307; x_wconf 81' lang='lat' dir='ltr'><strong>scd,</strong></span> <span class='ocrx_word' id='word_1_72' title='bbox 1365 1226 1399 1287; x_wconf 91' lang='lat' dir='ltr'><strong>ut</strong></span> 
     </span>
     <span class='ocr_line' id='line_1_11' title="bbox 265 1317 1398 1424; baseline -0.011 -24"><span class='ocrx_word' id='word_1_73' title='bbox 265 1329 356 1422; x_wconf 80' lang='lat' dir='ltr'><strong>dixi,</strong></span> <span class='ocrx_word' id='word_1_74' title='bbox 391 1328 459 1401; x_wconf 88' lang='lat' dir='ltr'><strong>hoe</strong></span> <span class='ocrx_word' id='word_1_75' title='bbox 491 1349 618 1424; x_wconf 75' lang='lat' dir='ltr'><strong>genere</strong></span> <span class='ocrx_word' id='word_1_76' title='bbox 658 1321 842 1393; x_wconf 82' lang='lat' dir='ltr'><strong>declinatio</strong></span> <span class='ocrx_word' id='word_1_77' title='bbox 874 1320 912 1389; x_wconf 89' lang='lat' dir='ltr'><strong>in</strong></span> <span class='ocrx_word' id='word_1_78' title='bbox 945 1321 1120 1391; x_wconf 88' lang='lat' dir='ltr'><strong>communi</strong></span> <span class='ocrx_word' id='word_1_79' title='bbox 1152 1317 1398 1391; x_wconf 90' lang='lat' dir='ltr'><strong>cousuetudine</strong></span> 
     </span>
     <span class='ocr_line' id='line_1_12' title="bbox 265 1419 1434 1524; baseline -0.009 -24"><span class='ocrx_word' id='word_1_80' title='bbox 265 1429 450 1503; x_wconf 88' lang='lat' dir='ltr'><strong>verborum</strong></span> <span class='ocrx_word' id='word_1_81' title='bbox 483 1435 639 1524; x_wconf 79' lang='lat' dir='ltr'><strong>aegrotat</strong></span> <span class='ocrx_word' id='word_1_82' title='bbox 669 1433 703 1495; x_wconf 94' lang='lat' dir='ltr'><strong>et</strong></span> <span class='ocrx_word' id='word_1_83' title='bbox 727 1422 942 1521; x_wconf 75' lang='lat' dir='ltr'><strong>languescit,</strong></span> <span class='ocrx_word' id='word_1_84' title='bbox 983 1420 1077 1518; x_wconf 89' lang='lat' dir='ltr'><strong>quod</strong></span> <span class='ocrx_word' id='word_1_85' title='bbox 1103 1421 1213 1492; x_wconf 89' lang='lat' dir='ltr'><strong>oritur</strong></span> <span class='ocrx_word' id='word_1_86' title='bbox 1238 1445 1257 1490; x_wconf 90' lang='lat' dir='ltr'><strong>e</strong></span> <span class='ocrx_word' id='word_1_87' title='bbox 1283 1419 1398 1516; x_wconf 89' lang='lat' dir='ltr'><strong>populi</strong></span> <span class='ocrx_word' id='word_1_88' title='bbox 1433 1459 1434 1464; x_wconf 15' lang='grc' dir='ltr'><strong>κ</strong></span> 
     </span>
     <span class='ocr_line' id='line_1_13' title="bbox 264 1519 1398 1629; baseline -0.009 -27"><span class='ocrx_word' id='word_1_89' title='bbox 264 1531 448 1629; x_wconf 83' lang='lat' dir='ltr'><strong>multiplici</strong></span> <span class='ocrx_word' id='word_1_90' title='bbox 480 1529 648 1626; x_wconf 78' lang='lat' dir='ltr'><strong>impe1i03</strong></span> <span class='ocrx_word' id='word_1_91' title='bbox 689 1527 805 1621; x_wconf 86' lang='lat' dir='ltr'><strong>itaque</strong></span> <span class='ocrx_word' id='word_1_92' title='bbox 837 1524 874 1593; x_wconf 92' lang='lat' dir='ltr'><strong>in</strong></span> <span class='ocrx_word' id='word_1_93' title='bbox 899 1519 967 1594; x_wconf 89' lang='lat' dir='ltr'><strong>hoc</strong></span> <span class='ocrx_word' id='word_1_94' title='bbox 1001 1547 1126 1622; x_wconf 78' lang='lat' dir='ltr'><strong>genere</strong></span> <span class='ocrx_word' id='word_1_95' title='bbox 1157 1524 1194 1593; x_wconf 91' lang='lat' dir='ltr'><strong>in</strong></span> <span class='ocrx_word' id='word_1_96' title='bbox 1226 1521 1398 1619; x_wconf 85' lang='lat' dir='ltr'><strong>loquendo</strong></span> 
     </span>
     <span class='ocr_line' id='line_1_14' title="bbox 264 1623 926 1732; baseline -0.015 -28"><span class='ocrx_word' id='word_1_97' title='bbox 264 1634 376 1732; x_wconf 79' lang='lat' dir='ltr'><strong>magis</strong></span> <span class='ocrx_word' id='word_1_98' title='bbox 401 1632 593 1723; x_wconf 80' lang='lat' dir='ltr'><strong>anomalia,</strong></span> <span class='ocrx_word' id='word_1_99' title='bbox 627 1652 731 1724; x_wconf 86' lang='lat' dir='ltr'><strong>quam</strong></span> <span class='ocrx_word' id='word_1_100' title='bbox 755 1623 926 1722; x_wconf 78' lang='lat' dir='ltr'><strong>analogia.</strong></span> 
     </span>
    </p>
   </div>
   <div class='ocr_carea' id='block_1_3' title="bbox 182 1759 1400 2378">
    <p class='ocr_par' dir='ltr' id='par_1_5' title="bbox 367 1759 1398 1859">
     <span class='ocr_line' id='line_1_15' title="bbox 367 1759 1398 1859; baseline -0.006 -21"><span class='ocrx_word' id='word_1_101' title='bbox 367 1765 438 1840; x_wconf 76' lang='grc'><strong>17..</strong></span> <span class='ocrx_word' id='word_1_102' title='bbox 481 1767 603 1837; x_wconf 84' lang='lat' dir='ltr'><strong>Tertia</strong></span> <span class='ocrx_word' id='word_1_103' title='bbox 641 1763 766 1835; x_wconf 87' lang='lat' dir='ltr'><strong>divisio</strong></span> <span class='ocrx_word' id='word_1_104' title='bbox 802 1772 873 1852; x_wconf 86' lang='lat' dir='ltr'><strong>est,</strong></span> <span class='ocrx_word' id='word_1_105' title='bbox 916 1787 1005 1859; x_wconf 91' lang='lat' dir='ltr'><strong>quae</strong></span> <span class='ocrx_word' id='word_1_106' title='bbox 1038 1759 1143 1833; x_wconf 82' lang='lat' dir='ltr'><strong>verba</strong></span> <span class='ocrx_word' id='word_1_107' title='bbox 1178 1759 1351 1834; x_wconf 89' lang='lat' dir='ltr'><strong>declinata</strong></span> <span class='ocrx_word' id='word_1_108' title='bbox 1380 1787 1398 1832; x_wconf 86' lang='lat' dir='ltr'><strong>a</strong></span> 
     </span>
    </p>

    <p class='ocr_par' dir='ltr' id='par_1_6' title="bbox 182 1863 1400 2378">
     <span class='ocr_line' id='line_1_16' title="bbox 204 1863 1399 1968; baseline -0.007 -25"><span class='ocrx_word' id='word_1_109' title='bbox 204 1896 255 1968; x_wconf 74' lang='lat' dir='ltr'><strong>⁵.⁵t</strong></span> <span class='ocrx_word' id='word_1_110' title='bbox 267 1869 405 1943; x_wconf 84' lang='lat' dir='ltr'><strong>natura*</strong></span> <span class='ocrx_word' id='word_1_111' title='bbox 433 1867 556 1940; x_wconf 86' lang='lat' dir='ltr'><strong>dividit</strong></span> <span class='ocrx_word' id='word_1_112' title='bbox 585 1868 622 1936; x_wconf 92' lang='lat' dir='ltr'><strong>in</strong></span> <span class='ocrx_word' id='word_1_113' title='bbox 641 1865 749 1958; x_wconf 87' lang='lat' dir='ltr'><strong>partis</strong></span> <span class='ocrx_word' id='word_1_114' title='bbox 775 1872 959 1959; x_wconf 86' lang='lat' dir='ltr'><strong>quattuor,</strong></span> <span class='ocrx_word' id='word_1_115' title='bbox 995 1865 1032 1933; x_wconf 92' lang='lat' dir='ltr'><strong>in</strong></span> <span class='ocrx_word' id='word_1_116' title='bbox 1057 1889 1162 1934; x_wconf 92' lang='lat' dir='ltr'><strong>uuam</strong></span> <span class='ocrx_word' id='word_1_117' title='bbox 1186 1887 1276 1960; x_wconf 90' lang='lat' dir='ltr'><strong>quae</strong></span> <span class='ocrx_word' id='word_1_118' title='bbox 1299 1863 1399 1935; x_wconf 88' lang='lat' dir='ltr'><strong>habet</strong></span> 
     </span>
     <span class='ocr_line' id='line_1_17' title="bbox 182 1963 1397 2068; baseline -0.007 -22"><span class='ocrx_word' id='word_1_119' title='bbox 182 2045 184 2054; x_wconf 79' lang='grc'>,</span> <span class='ocrx_word' id='word_1_120' title='bbox 266 1999 368 2046; x_wconf 89' lang='lat' dir='ltr'><strong>casus</strong></span> <span class='ocrx_word' id='word_1_121' title='bbox 391 1997 505 2068; x_wconf 86' lang='lat' dir='ltr'><strong>neque</strong></span> <span class='ocrx_word' id='word_1_122' title='bbox 529 1980 702 2065; x_wconf 83' lang='lat' dir='ltr'><strong>tempora,</strong></span> <span class='ocrx_word' id='word_1_123' title='bbox 740 1974 780 2035; x_wconf 90' lang='lat' dir='ltr'><strong>ut</strong></span> <span class='ocrx_word' id='word_1_124' title='bbox 809 1963 999 2055; x_wconf 86' lang='lat' dir='ltr'><strong>docilis,</strong></span> <span class='ocrx_word' id='word_1_125' title='bbox 1036 1964 1218 2057; x_wconf 80' lang='lat' dir='ltr'><strong>facilis3</strong></span> <span class='ocrx_word' id='word_1_126' title='bbox 1256 1968 1294 2036; x_wconf 95' lang='lat' dir='ltr'><strong>in</strong></span> <span class='ocrx_word' id='word_1_127' title='bbox 1319 1966 1397 2037; x_wconf 89' lang='lat' dir='ltr'><strong>altc-</strong></span> 
     </span>
     <span class='ocr_line' id='line_1_18' title="bbox 208 2067 1396 2170; baseline 0 -32"><span class='ocrx_word' id='word_1_128' title='bbox 208 2081 366 2166; x_wconf 70' lang='lat' dir='ltr'><strong>rsuram,</strong></span> <span class='ocrx_word' id='word_1_129' title='bbox 401 2098 489 2170; x_wconf 89' lang='lat' dir='ltr'><strong>quae</strong></span> <span class='ocrx_word' id='word_1_130' title='bbox 522 2081 676 2165; x_wconf 85' lang='lat' dir='ltr'><strong>tempora</strong></span> <span class='ocrx_word' id='word_1_131' title='bbox 701 2091 814 2162; x_wconf 89' lang='lat' dir='ltr'><strong>neque</strong></span> <span class='ocrx_word' id='word_1_132' title='bbox 840 2091 961 2159; x_wconf 82' lang='lat' dir='ltr'><strong>casus,</strong></span> <span class='ocrx_word' id='word_1_133' title='bbox 1000 2075 1039 2137; x_wconf 93' lang='lat' dir='ltr'><strong>ut</strong></span> <span class='ocrx_word' id='word_1_134' title='bbox 1072 2067 1223 2157; x_wconf 88' lang='lat' dir='ltr'><strong>docet,</strong></span> <span class='ocrx_word' id='word_1_135' title='bbox 1261 2067 1396 2161; x_wconf 80' lang='lat' dir='ltr'><strong>facit3</strong></span> 
     </span>
     <span class='ocr_line' id='line_1_19' title="bbox 267 2168 1400 2270; baseline -0.011 -20"><span class='ocrx_word' id='word_1_136' title='bbox 267 2180 304 2250; x_wconf 90' lang='lat' dir='ltr'><strong>in</strong></span> <span class='ocrx_word' id='word_1_137' title='bbox 336 2176 470 2248; x_wconf 88' lang='lat' dir='ltr'><strong>tertiam</strong></span> <span class='ocrx_word' id='word_1_138' title='bbox 503 2197 592 2270; x_wconf 88' lang='lat' dir='ltr'><strong>quae</strong></span> <span class='ocrx_word' id='word_1_139' title='bbox 624 2181 793 2265; x_wconf 87' lang='lat' dir='ltr'><strong>utraque,</strong></span> <span class='ocrx_word' id='word_1_140' title='bbox 832 2177 872 2238; x_wconf 93' lang='lat' dir='ltr'><strong>ut</strong></span> <span class='ocrx_word' id='word_1_141' title='bbox 906 2168 1094 2260; x_wconf 79' lang='lat' dir='ltr'><strong>decena,</strong></span> <span class='ocrx_word' id='word_1_142' title='bbox 1129 2169 1332 2264; x_wconf 81' lang='lat' dir='ltr'><strong>faciens3</strong></span> <span class='ocrx_word' id='word_1_143' title='bbox 1364 2172 1400 2239; x_wconf 90' lang='lat' dir='ltr'><strong>in</strong></span> 
     </span>
     <span class='ocr_line' id='line_1_20' title="bbox 267 2268 1399 2378; baseline -0.007 -29"><span class='ocrx_word' id='word_1_144' title='bbox 267 2287 426 2378; x_wconf 89' lang='lat' dir='ltr'><strong>quartam</strong></span> <span class='ocrx_word' id='word_1_145' title='bbox 454 2301 544 2373; x_wconf 89' lang='lat' dir='ltr'><strong>quae</strong></span> <span class='ocrx_word' id='word_1_146' title='bbox 568 2283 712 2363; x_wconf 78' lang='lat' dir='ltr'><strong>neutra,</strong></span> <span class='ocrx_word' id='word_1_147' title='bbox 745 2279 788 2341; x_wconf 90' lang='lat' dir='ltr'><strong>ut</strong></span> <span class='ocrx_word' id='word_1_148' title='bbox 814 2268 947 2354; x_wconf 85' lang='lat' dir='ltr'><strong>docte</strong></span> <span class='ocrx_word' id='word_1_149' title='bbox 977 2280 1011 2341; x_wconf 91' lang='lat' dir='ltr'><strong>et</strong></span> <span class='ocrx_word' id='word_1_150' title='bbox 1035 2268 1199 2343; x_wconf 84' lang='lat' dir='ltr'><strong>facete.</strong></span> <span class='ocrx_word' id='word_1_151' title='bbox 1253 2273 1313 2342; x_wconf 84' lang='lat' dir='ltr'><strong>Ex</strong></span> <span class='ocrx_word' id='word_1_152' title='bbox 1337 2271 1399 2342; x_wconf 88' lang='lat' dir='ltr'><strong>hac</strong></span> 
     </span>
    </p>
   </div>
   <div class='ocr_carea' id='block_1_4' title="bbox 268 2370 1402 2680">
    <p class='ocr_par' dir='ltr' id='par_1_7' title="bbox 268 2370 1402 2680">
     <span class='ocr_line' id='line_1_21' title="bbox 268 2370 1397 2475; baseline -0.009 -22"><span class='ocrx_word' id='word_1_153' title='bbox 268 2381 442 2453; x_wconf 90' lang='lat' dir='ltr'><strong>divisione</strong></span> <span class='ocrx_word' id='word_1_154' title='bbox 488 2374 634 2475; x_wconf 73' lang='lat' dir='ltr'><strong>singulis</strong></span> <span class='ocrx_word' id='word_1_155' title='bbox 679 2370 834 2471; x_wconf 88' lang='lat' dir='ltr'><strong>partibus</strong></span> <span class='ocrx_word' id='word_1_156' title='bbox 885 2383 956 2444; x_wconf 91' lang='lat' dir='ltr'><strong>tres</strong></span> <span class='ocrx_word' id='word_1_157' title='bbox 1007 2371 1159 2469; x_wconf 87' lang='lat' dir='ltr'><strong>reliquae</strong></span> <span class='ocrx_word' id='word_1_158' title='bbox 1204 2371 1397 2445; x_wconf 89' lang='lat' dir='ltr'><strong>dissimiles.</strong></span> 
     </span>
     <span class='ocr_line' id='line_1_22' title="bbox 269 2472 1398 2574; baseline -0.009 -20"><span class='ocrx_word' id='word_1_159' title='bbox 269 2482 389 2574; x_wconf 85' lang='lat' dir='ltr'><strong>Quare</strong></span> <span class='ocrx_word' id='word_1_160' title='bbox 423 2479 491 2551; x_wconf 91' lang='lat' dir='ltr'><strong>nisi</strong></span> <span class='ocrx_word' id='word_1_161' title='bbox 522 2480 558 2548; x_wconf 90' lang='lat' dir='ltr'><strong>iu</strong></span> <span class='ocrx_word' id='word_1_162' title='bbox 590 2501 654 2549; x_wconf 89' lang='lat' dir='ltr'><strong>sua</strong></span> <span class='ocrx_word' id='word_1_163' title='bbox 683 2483 780 2572; x_wconf 88' lang='lat' dir='ltr'><strong>parte</strong></span> <span class='ocrx_word' id='word_1_164' title='bbox 813 2475 903 2544; x_wconf 91' lang='lat' dir='ltr'><strong>iuter</strong></span> <span class='ocrx_word' id='word_1_165' title='bbox 926 2499 964 2545; x_wconf 87' lang='lat' dir='ltr'><strong>se</strong></span> <span class='ocrx_word' id='word_1_166' title='bbox 996 2472 1120 2544; x_wconf 88' lang='lat' dir='ltr'><strong>collata</strong></span> <span class='ocrx_word' id='word_1_167' title='bbox 1145 2486 1247 2568; x_wconf 76' lang='lat' dir='ltr'><strong>erunt</strong></span> <span class='ocrx_word' id='word_1_168' title='bbox 1281 2473 1398 2565; x_wconf 85' lang='lat' dir='ltr'><strong>verba,</strong></span> 
     </span>
     <span class='ocr_line' id='line_1_23' title="bbox 270 2574 1402 2680; baseline -0.006 -26"><span class='ocrx_word' id='word_1_169' title='bbox 270 2587 300 2654; x_wconf 89' lang='lat' dir='ltr'><strong>si</strong></span> <span class='ocrx_word' id='word_1_170' title='bbox 323 2608 395 2655; x_wconf 88' lang='lat' dir='ltr'><strong>non</strong></span> <span class='ocrx_word' id='word_1_171' title='bbox 420 2580 650 2653; x_wconf 85' lang='lat' dir='ltr'><strong>conveniunt:</strong></span> <span class='ocrx_word' id='word_1_172' title='bbox 680 2601 751 2648; x_wconf 89' lang='lat' dir='ltr'><strong>non</strong></span> <span class='ocrx_word' id='word_1_173' title='bbox 771 2576 838 2646; x_wconf 90' lang='lat' dir='ltr'><strong>erit</strong></span> <span class='ocrx_word' id='word_1_174' title='bbox 862 2577 908 2647; x_wconf 87' lang='lat' dir='ltr'><strong>ita</strong></span> <span class='ocrx_word' id='word_1_175' title='bbox 930 2574 1058 2667; x_wconf 83' lang='lat' dir='ltr'><strong>simile,</strong></span> <span class='ocrx_word' id='word_1_176' title='bbox 1084 2586 1123 2648; x_wconf 90' lang='lat' dir='ltr'><strong>ut</strong></span> <span class='ocrx_word' id='word_1_177' title='bbox 1146 2575 1271 2680; x_wconf 83' lang='lat' dir='ltr'><strong>debeat</strong></span> <span class='ocrx_word' id='word_1_178' title='bbox 1290 2575 1402 2649; x_wconf 84' lang='lat' dir='ltr'><strong>lacere</strong></span> 
     </span>
    </p>
   </div>
   <div class='ocr_carea' id='block_1_5' title="bbox 211 2683 1401 2904">
    <p class='ocr_par' dir='ltr' id='par_1_8' title="bbox 211 2683 1401 2904">
     <span class='ocr_line' id='line_1_24' title="bbox 211 2683 1401 2904; baseline -0.007 -37"><span class='ocrx_word' id='word_1_179' title='bbox 211 2683 459 2904; x_wconf 47' lang='lat' dir='ltr'><strong>geldemld)</strong></span> <span class='ocrx_word' id='word_1_180' title='bbox 500 2789 676 2882; x_wconf 81' lang='lat' dir='ltr'><strong>Quoniam</strong></span> <span class='ocrx_word' id='word_1_181' title='bbox 700 2787 832 2885; x_wconf 89' lang='lat' dir='ltr'><strong>species</strong></span> <span class='ocrx_word' id='word_1_182' title='bbox 863 2785 1001 2883; x_wconf 85' lang='lat' dir='ltr'><strong>plures,</strong></span> <span class='ocrx_word' id='word_1_183' title='bbox 1036 2784 1079 2859; x_wconf 92' lang='lat' dir='ltr'><strong>de</strong></span> <span class='ocrx_word' id='word_1_184' title='bbox 1104 2734 1250 2888; x_wconf 74' lang='lat' dir='ltr'><strong>singulis</strong></span> <span class='ocrx_word' id='word_1_185' title='bbox 1276 2787 1401 2861; x_wconf 85' lang='lat' dir='ltr'><strong>dicam.</strong></span> 
     </span>
    </p>
   </div>
   <div class='ocr_carea' id='block_1_6' title="bbox 168 3013 1405 3381">
    <p class='ocr_par' dir='ltr' id='par_1_9' title="bbox 389 3013 1405 3096">
     <span class='ocr_line' id='line_1_25' title="bbox 389 3013 1405 3096; baseline -0.004 -16"><span class='ocrx_word' id='word_1_186' title='bbox 389 3013 439 3080; x_wconf 83' lang='grc'><strong>16.</strong></span> <span class='ocrx_word' id='word_1_187' title='bbox 473 3024 601 3096; x_wconf 80' lang='lat' dir='ltr'><strong>conferri]</strong></span> <span class='ocrx_word' id='word_1_188' title='bbox 619 3024 734 3089; x_wconf 84' lang='lat' dir='ltr'><strong>intellige</strong></span> <span class='ocrx_word' id='word_1_189' title='bbox 752 3024 983 3089; x_wconf 82' lang='lat' dir='ltr'><strong>exsequentibus:</strong></span> <span class='ocrx_word' id='word_1_190' title='bbox 1014 3027 1151 3075; x_wconf 81' lang='lat' dir='ltr'><strong>Romanus</strong></span> <span class='ocrx_word' id='word_1_191' title='bbox 1170 3029 1197 3076; x_wconf 88' lang='lat' dir='ltr'><strong>et</strong></span> <span class='ocrx_word' id='word_1_192' title='bbox 1214 3024 1285 3090; x_wconf 87' lang='lat' dir='ltr'><strong>quod</strong></span> <span class='ocrx_word' id='word_1_193' title='bbox 1302 3026 1405 3091; x_wconf 82' lang='lat' dir='ltr'><strong>tingitur</strong></span> 
     </span>
    </p>

    <p class='ocr_par' dir='ltr' id='par_1_10' title="bbox 276 3095 1404 3168">
     <span class='ocr_line' id='line_1_26' title="bbox 276 3095 1404 3168; baseline -0.005 -16"><span class='ocrx_word' id='word_1_194' title='bbox 276 3103 431 3168; x_wconf 82' lang='lat' dir='ltr'><strong>Capuanus.</strong></span> <span class='ocrx_word' id='word_1_195' title='bbox 466 3097 532 3152; x_wconf 88' lang='lat' dir='ltr'><strong>Mihi</strong></span> <span class='ocrx_word' id='word_1_196' title='bbox 550 3099 620 3150; x_wconf 86' lang='lat' dir='ltr'><strong>uuila</strong></span> <span class='ocrx_word' id='word_1_197' title='bbox 640 3096 782 3148; x_wconf 84' lang='lat' dir='ltr'><strong>mutatione</strong></span> <span class='ocrx_word' id='word_1_198' title='bbox 800 3110 866 3162; x_wconf 89' lang='lat' dir='ltr'><strong>opus</strong></span> <span class='ocrx_word' id='word_1_199' title='bbox 884 3111 940 3146; x_wconf 89' lang='lat' dir='ltr'><strong>esse</strong></span> <span class='ocrx_word' id='word_1_200' title='bbox 959 3095 1069 3148; x_wconf 86' lang='lat' dir='ltr'><strong>videtur.</strong></span> <span class='ocrx_word' id='word_1_201' title='bbox 1197 3105 1225 3144; x_wconf 86' lang='lat' dir='ltr'><strong>ct</strong></span> <span class='ocrx_word' id='word_1_202' title='bbox 1242 3095 1404 3164; x_wconf 80' lang='lat' dir='ltr'><strong>languescit]</strong></span> 
     </span>
    </p>

    <p class='ocr_par' dir='ltr' id='par_1_11' title="bbox 276 3164 1404 3237">
     <span class='ocr_line' id='line_1_27' title="bbox 276 3164 1404 3237; baseline -0.005 -13"><span class='ocrx_word' id='word_1_203' title='bbox 276 3171 316 3224; x_wconf 88' lang='lat' dir='ltr'><strong>ed.</strong></span> <span class='ocrx_word' id='word_1_204' title='bbox 332 3172 412 3237; x_wconf 87' lang='lat' dir='ltr'><strong>princ.</strong></span> <span class='ocrx_word' id='word_1_205' title='bbox 428 3177 454 3222; x_wconf 86' lang='lat' dir='ltr'><strong>et</strong></span> <span class='ocrx_word' id='word_1_206' title='bbox 468 3176 614 3235; x_wconf 86' lang='lat' dir='ltr'><strong>sequentes.</strong></span> <span class='ocrx_word' id='word_1_207' title='bbox 641 3184 692 3220; x_wconf 88' lang='lat' dir='ltr'><strong>om.</strong></span> <span class='ocrx_word' id='word_1_208' title='bbox 709 3166 783 3218; x_wconf 88' lang='lat' dir='ltr'><strong>codd.</strong></span> <span class='ocrx_word' id='word_1_209' title='bbox 820 3165 869 3216; x_wconf 79' lang='lat' dir='ltr'><strong>Est</strong></span> <span class='ocrx_word' id='word_1_210' title='bbox 887 3164 912 3216; x_wconf 83' lang='lat' dir='ltr'><strong>lt.</strong></span> <span class='ocrx_word' id='word_1_211' title='bbox 923 3169 940 3217; x_wconf 89' lang='grc'><strong>1.</strong></span> <span class='ocrx_word' id='word_1_212' title='bbox 959 3167 1026 3218; x_wconf 88' lang='lat' dir='ltr'><strong>inter</strong></span> <span class='ocrx_word' id='word_1_213' title='bbox 1042 3181 1101 3218; x_wconf 84' lang='lat' dir='ltr'><strong>rara</strong></span> <span class='ocrx_word' id='word_1_214' title='bbox 1119 3166 1237 3234; x_wconf 82' lang='lat' dir='ltr'><strong>exempla</strong></span> <span class='ocrx_word' id='word_1_215' title='bbox 1255 3167 1404 3234; x_wconf 78' lang='lat' dir='ltr'><strong>scriptume,</strong></span> 
     </span>
    </p>

    <p class='ocr_par' dir='ltr' id='par_1_12' title="bbox 168 3237 1405 3381">
     <span class='ocr_line' id='line_1_28' title="bbox 168 3237 1405 3310; baseline -0.002 -17"><span class='ocrx_word' id='word_1_216' title='bbox 168 3255 188 3276; x_wconf 86' lang='lat'><strong>·-</strong></span> <span class='ocrx_word' id='word_1_217' title='bbox 276 3257 344 3308; x_wconf 87' lang='lat' dir='ltr'><strong>quae</strong></span> <span class='ocrx_word' id='word_1_218' title='bbox 367 3257 453 3310; x_wconf 83' lang='lat' dir='ltr'><strong>neque</strong></span> <span class='ocrx_word' id='word_1_219' title='bbox 475 3242 558 3294; x_wconf 84' lang='lat' dir='ltr'><strong>exiis</strong></span> <span class='ocrx_word' id='word_1_220' title='bbox 584 3238 658 3292; x_wconf 90' lang='lat' dir='ltr'><strong>codd.</strong></span> <span class='ocrx_word' id='word_1_221' title='bbox 684 3253 749 3306; x_wconf 85' lang='lat' dir='ltr'><strong>quos</strong></span> <span class='ocrx_word' id='word_1_222' title='bbox 773 3237 903 3301; x_wconf 85' lang='lat' dir='ltr'><strong>novimus,</strong></span> <span class='ocrx_word' id='word_1_223' title='bbox 931 3253 1016 3305; x_wconf 86' lang='lat' dir='ltr'><strong>neque</strong></span> <span class='ocrx_word' id='word_1_224' title='bbox 1037 3253 1070 3291; x_wconf 83' lang='lat' dir='ltr'><strong>ex</strong></span> <span class='ocrx_word' id='word_1_225' title='bbox 1088 3238 1285 3306; x_wconf 83' lang='lat' dir='ltr'><strong>interpolatione</strong></span> <span class='ocrx_word' id='word_1_226' title='bbox 1303 3239 1405 3291; x_wconf 68' lang='lat' dir='ltr'><strong>fluxuse</strong></span> 
     </span>
     <span class='ocr_line' id='line_1_29' title="bbox 276 3307 887 3381; baseline -0.01 -14"><span class='ocrx_word' id='word_1_227' title='bbox 276 3313 385 3368; x_wconf 81' lang='lat' dir='ltr'><strong>videtur.</strong></span> <span class='ocrx_word' id='word_1_228' title='bbox 456 3374 459 3381; x_wconf 26' lang='grc' dir='ltr'>Ι</span> <span class='ocrx_word' id='word_1_229' title='bbox 494 3309 600 3380; x_wconf 85' lang='lat' dir='ltr'><strong>populi]</strong></span> <span class='ocrx_word' id='word_1_230' title='bbox 619 3327 661 3377; x_wconf 81' lang='lat' dir='ltr'><strong>vg.</strong></span> <span class='ocrx_word' id='word_1_231' title='bbox 693 3307 795 3378; x_wconf 88' lang='lat' dir='ltr'><strong>populo</strong></span> <span class='ocrx_word' id='word_1_232' title='bbox 811 3307 887 3361; x_wconf 87' lang='lat' dir='ltr'><strong>codd.</strong></span> 
     </span>
    </p>
   </div>
   <div class='ocr_carea' id='block_1_7' title="bbox 280 3413 1406 3775">
    <p class='ocr_par' dir='ltr' id='par_1_13' title="bbox 280 3413 1406 3775">
     <span class='ocr_line' id='line_1_30' title="bbox 392 3413 1405 3492; baseline -0.005 -12"><span class='ocrx_word' id='word_1_233' title='bbox 392 3413 442 3480; x_wconf 79' lang='grc'><strong>17.</strong></span> <span class='ocrx_word' id='word_1_234' title='bbox 462 3425 637 3488; x_wconf 81' lang='lat' dir='ltr'><strong>declinatae]</strong></span> <span class='ocrx_word' id='word_1_235' title='bbox 650 3425 749 3492; x_wconf 84' lang='lat' dir='ltr'><strong>scripsi.</strong></span> <span class='ocrx_word' id='word_1_236' title='bbox 773 3419 909 3472; x_wconf 77' lang='lat' dir='ltr'><strong>declinata</strong></span> <span class='ocrx_word' id='word_1_237' title='bbox 920 3421 981 3476; x_wconf 86' lang='lat' dir='ltr'><strong>GH.</strong></span> <span class='ocrx_word' id='word_1_238' title='bbox 1008 3420 1126 3474; x_wconf 84' lang='lat' dir='ltr'><strong>declinat</strong></span> <span class='ocrx_word' id='word_1_239' title='bbox 1140 3441 1157 3474; x_wconf 86' lang='grc' dir='ltr'><em>α</em></span> <span class='ocrx_word' id='word_1_240' title='bbox 1172 3425 1219 3477; x_wconf 76' lang='lat' dir='ltr'><strong>Fen</strong></span> <span class='ocrx_word' id='word_1_241' title='bbox 1283 3425 1405 3488; x_wconf 66' lang='lat' dir='ltr'><strong>natura]</strong></span> 
     </span>
     <span class='ocr_line' id='line_1_31' title="bbox 281 3493 1405 3570; baseline -0.006 -18"><span class='ocrx_word' id='word_1_242' title='bbox 281 3507 339 3570; x_wconf 90' lang='lat' dir='ltr'><strong>post</strong></span> <span class='ocrx_word' id='word_1_243' title='bbox 357 3499 381 3556; x_wconf 84' lang='lat' dir='ltr'><strong>h.</strong></span> <span class='ocrx_word' id='word_1_244' title='bbox 395 3517 419 3552; x_wconf 86' lang='lat' dir='ltr'><strong>v.</strong></span> <span class='ocrx_word' id='word_1_245' title='bbox 437 3499 521 3552; x_wconf 84' lang='lat' dir='ltr'><strong>delevi</strong></span> <span class='ocrx_word' id='word_1_246' title='bbox 539 3515 571 3546; x_wconf 88' lang='lat' dir='ltr'><strong>ca</strong></span> <span class='ocrx_word' id='word_1_247' title='bbox 589 3496 659 3562; x_wconf 89' lang='lat' dir='ltr'><strong>quod</strong></span> <span class='ocrx_word' id='word_1_248' title='bbox 677 3501 716 3569; x_wconf 81' lang='lat' dir='ltr'><strong>est</strong></span> <span class='ocrx_word' id='word_1_249' title='bbox 734 3497 759 3546; x_wconf 92' lang='lat' dir='ltr'><strong>io</strong></span> <span class='ocrx_word' id='word_1_250' title='bbox 778 3493 853 3546; x_wconf 89' lang='lat' dir='ltr'><strong>codd.</strong></span> <span class='ocrx_word' id='word_1_251' title='bbox 969 3493 1078 3559; x_wconf 79' lang='lat' dir='ltr'><strong>dividit]</strong></span> <span class='ocrx_word' id='word_1_252' title='bbox 1095 3497 1161 3547; x_wconf 89' lang='lat' dir='ltr'><strong>coui.</strong></span> <span class='ocrx_word' id='word_1_253' title='bbox 1175 3496 1274 3564; x_wconf 82' lang='lat' dir='ltr'><strong>scripsi.</strong></span> <span class='ocrx_word' id='word_1_254' title='bbox 1314 3497 1405 3546; x_wconf 81' lang='lat' dir='ltr'><strong>dividi-</strong></span> 
     </span>
     <span class='ocr_line' id='line_1_32' title="bbox 281 3562 1405 3638; baseline -0.005 -16"><span class='ocrx_word' id='word_1_255' title='bbox 281 3583 328 3622; x_wconf 83' lang='lat' dir='ltr'><strong>tur</strong></span> <span class='ocrx_word' id='word_1_256' title='bbox 347 3571 422 3625; x_wconf 89' lang='lat' dir='ltr'><strong>codd.</strong></span> <span class='ocrx_word' id='word_1_257' title='bbox 535 3567 666 3638; x_wconf 71' lang='lat' dir='ltr'><strong>reliquae]</strong></span> <span class='ocrx_word' id='word_1_258' title='bbox 683 3566 781 3633; x_wconf 87' lang='lat' dir='ltr'><strong>scripsi.</strong></span> <span class='ocrx_word' id='word_1_259' title='bbox 819 3562 918 3634; x_wconf 81' lang='lat' dir='ltr'><strong>relique</strong></span> <span class='ocrx_word' id='word_1_260' title='bbox 935 3578 959 3616; x_wconf 85' lang='lat' dir='ltr'><strong>a.</strong></span> <span class='ocrx_word' id='word_1_261' title='bbox 996 3565 1125 3634; x_wconf 86' lang='lat' dir='ltr'><strong>reliquere</strong></span> <span class='ocrx_word' id='word_1_262' title='bbox 1141 3573 1203 3619; x_wconf 87' lang='lat' dir='ltr'><strong>cett.</strong></span> <span class='ocrx_word' id='word_1_263' title='bbox 1289 3585 1347 3618; x_wconf 86' lang='lat' dir='ltr'><strong>non</strong></span> <span class='ocrx_word' id='word_1_264' title='bbox 1363 3567 1405 3618; x_wconf 86' lang='lat' dir='ltr'><strong>erit</strong></span> 
     </span>
     <span class='ocr_line' id='line_1_33' title="bbox 280 3633 1405 3708; baseline -0.002 -15"><span class='ocrx_word' id='word_1_265' title='bbox 280 3643 323 3693; x_wconf 86' lang='lat' dir='ltr'><strong>ita</strong></span> <span class='ocrx_word' id='word_1_266' title='bbox 340 3642 437 3708; x_wconf 78' lang='lat' dir='ltr'><strong>simile]</strong></span> <span class='ocrx_word' id='word_1_267' title='bbox 452 3638 651 3706; x_wconf 81' lang='lat' dir='ltr'><strong>Exspectaveris</strong></span> <span class='ocrx_word' id='word_1_268' title='bbox 669 3636 792 3704; x_wconf 83' lang='lat' dir='ltr'><strong>apodosio</strong></span> <span class='ocrx_word' id='word_1_269' title='bbox 812 3633 890 3686; x_wconf 84' lang='lat' dir='ltr'><strong>hanc:</strong></span> <span class='ocrx_word' id='word_1_270' title='bbox 918 3649 968 3687; x_wconf 88' lang='lat' dir='ltr'><strong>nou</strong></span> <span class='ocrx_word' id='word_1_271' title='bbox 987 3635 1197 3704; x_wconf 86' lang='lat' dir='ltr'><strong>reprehendenda</strong></span> <span class='ocrx_word' id='word_1_272' title='bbox 1215 3638 1263 3690; x_wconf 90' lang='lat' dir='ltr'><strong>erit</strong></span> <span class='ocrx_word' id='word_1_273' title='bbox 1280 3638 1405 3691; x_wconf 86' lang='lat' dir='ltr'><strong>dissimili·</strong></span> 
     </span>
     <span class='ocr_line' id='line_1_34' title="bbox 282 3706 1406 3775; baseline -0.003 -10"><span class='ocrx_word' id='word_1_274' title='bbox 282 3713 345 3766; x_wconf 91' lang='lat' dir='ltr'><strong>tudo</strong></span> <span class='ocrx_word' id='word_1_275' title='bbox 365 3717 460 3766; x_wconf 86' lang='lat' dir='ltr'><strong>eorum.</strong></span> <span class='ocrx_word' id='word_1_276' title='bbox 498 3711 572 3766; x_wconf 80' lang='lat' dir='ltr'><strong>Quae</strong></span> <span class='ocrx_word' id='word_1_277' title='bbox 595 3709 723 3762; x_wconf 84' lang='lat' dir='ltr'><strong>sententia</strong></span> <span class='ocrx_word' id='word_1_278' title='bbox 747 3723 763 3760; x_wconf 85' lang='lat' dir='ltr'><strong>a</strong></span> <span class='ocrx_word' id='word_1_279' title='bbox 781 3707 897 3761; x_wconf 86' lang='lat' dir='ltr'><strong>Varrone</strong></span> <span class='ocrx_word' id='word_1_280' title='bbox 915 3706 953 3756; x_wconf 84' lang='lat' dir='ltr'><strong>ite</strong></span> <span class='ocrx_word' id='word_1_281' title='bbox 970 3714 1011 3760; x_wconf 88' lang='lat' dir='ltr'><strong>est</strong></span> <span class='ocrx_word' id='word_1_282' title='bbox 1036 3709 1147 3775; x_wconf 84' lang='lat' dir='ltr'><strong>inflexa,</strong></span> <span class='ocrx_word' id='word_1_283' title='bbox 1173 3715 1203 3761; x_wconf 92' lang='lat' dir='ltr'><strong>ut</strong></span> <span class='ocrx_word' id='word_1_284' title='bbox 1226 3710 1310 3761; x_wconf 85' lang='lat' dir='ltr'><strong>subsit</strong></span> <span class='ocrx_word' id='word_1_285' title='bbox 1330 3719 1406 3762; x_wconf 84' lang='lat' dir='ltr'><strong>tamen</strong></span> 
     </span>
    </p>
   </div>
   <div class='ocr_carea' id='block_1_8' title="bbox 282 3783 525 3852">
    <p class='ocr_par' dir='ltr' id='par_1_14' title="bbox 282 3783 525 3852">
     <span class='ocr_line' id='line_1_35' title="bbox 282 3783 525 3852; baseline -0.025 -15"><span class='ocrx_word' id='word_1_286' title='bbox 282 3785 314 3839; x_wconf 82' lang='lat' dir='ltr'><strong>iis</strong></span> <span class='ocrx_word' id='word_1_287' title='bbox 331 3800 398 3852; x_wconf 79' lang='lat' dir='ltr'><strong>quse</strong></span> <span class='ocrx_word' id='word_1_288' title='bbox 414 3783 525 3851; x_wconf 85' lang='lat' dir='ltr'><strong>scripsit.</strong></span> 
     </span>
    </p>
   </div>
   <div class='ocr_carea' id='block_1_9' title="bbox 282 3874 1432 4374">
    <p class='ocr_par' dir='ltr' id='par_1_15' title="bbox 282 3874 1432 4374">
     <span class='ocr_line' id='line_1_36' title="bbox 354 3874 1432 3952; baseline -0.007 -16"><span class='ocrx_word' id='word_1_289' title='bbox 354 3883 428 3938; x_wconf 80' lang='lat' dir='ltr'><strong>Quae</strong></span> <span class='ocrx_word' id='word_1_290' title='bbox 446 3885 581 3947; x_wconf 88' lang='lat' dir='ltr'><strong>secuntur,</strong></span> <span class='ocrx_word' id='word_1_291' title='bbox 607 3879 823 3944; x_wconf 77' lang='lat' dir='ltr'><strong>§.18.19.2o.‚</strong></span> <span class='ocrx_word' id='word_1_292' title='bbox 848 3876 899 3928; x_wconf 86' lang='lat' dir='ltr'><strong>alio</strong></span> <span class='ocrx_word' id='word_1_293' title='bbox 917 3874 1006 3928; x_wconf 89' lang='lat' dir='ltr'><strong>ordine</strong></span> <span class='ocrx_word' id='word_1_294' title='bbox 1024 3892 1040 3929; x_wconf 86' lang='lat' dir='ltr'><strong>a</strong></span> <span class='ocrx_word' id='word_1_295' title='bbox 1057 3892 1099 3930; x_wconf 89' lang='lat' dir='ltr'><strong>me</strong></span> <span class='ocrx_word' id='word_1_296' title='bbox 1118 3880 1218 3946; x_wconf 85' lang='lat' dir='ltr'><strong>positae</strong></span> <span class='ocrx_word' id='word_1_297' title='bbox 1235 3885 1310 3944; x_wconf 87' lang='lat' dir='ltr'><strong>sunt,</strong></span> <span class='ocrx_word' id='word_1_298' title='bbox 1339 3887 1407 3946; x_wconf 84' lang='lat' dir='ltr'><strong>atque</strong></span> <span class='ocrx_word' id='word_1_299' title='bbox 1431 3897 1432 3952; x_wconf 55' lang='lat' dir='ltr'><strong>p</strong></span> 
     </span>
     <span class='ocr_line' id='line_1_37' title="bbox 283 3946 1432 4015; baseline -0.005 -9"><span class='ocrx_word' id='word_1_300' title='bbox 283 3957 309 4006; x_wconf 89' lang='lat' dir='ltr'><strong>io</strong></span> <span class='ocrx_word' id='word_1_301' title='bbox 327 3955 402 4006; x_wconf 90' lang='lat' dir='ltr'><strong>codd.</strong></span> <span class='ocrx_word' id='word_1_302' title='bbox 421 3952 553 4004; x_wconf 87' lang='lat' dir='ltr'><strong>habentur.</strong></span> <span class='ocrx_word' id='word_1_303' title='bbox 596 3953 626 4004; x_wconf 89' lang='lat' dir='ltr'><strong>In</strong></span> <span class='ocrx_word' id='word_1_304' title='bbox 645 3949 684 4002; x_wconf 88' lang='lat' dir='ltr'><strong>his</strong></span> <span class='ocrx_word' id='word_1_305' title='bbox 705 3951 772 4000; x_wconf 92' lang='lat' dir='ltr'><strong>euim</strong></span> <span class='ocrx_word' id='word_1_306' title='bbox 796 3948 903 4015; x_wconf 89' lang='lat' dir='ltr'><strong>primum</strong></span> <span class='ocrx_word' id='word_1_307' title='bbox 923 3946 1034 4013; x_wconf 83' lang='lat'><strong>(§.19.)</strong></span> <span class='ocrx_word' id='word_1_308' title='bbox 1051 3949 1219 4003; x_wconf 87' lang='lat' dir='ltr'><strong>articulorum</strong></span> <span class='ocrx_word' id='word_1_309' title='bbox 1238 3957 1265 4003; x_wconf 91' lang='lat' dir='ltr'><strong>et</strong></span> <span class='ocrx_word' id='word_1_310' title='bbox 1281 3954 1406 4003; x_wconf 87' lang='lat' dir='ltr'><strong>nominum</strong></span> <span class='ocrx_word' id='word_1_311' title='bbox 1431 3959 1432 3964; x_wconf 77' lang='grc'>’</span> 
     </span>
     <span class='ocr_line' id='line_1_38' title="bbox 283 4017 1432 4092; baseline -0.002 -16"><span class='ocrx_word' id='word_1_312' title='bbox 283 4027 402 4091; x_wconf 78' lang='lat' dir='ltr'><strong>analogia</strong></span> <span class='ocrx_word' id='word_1_313' title='bbox 420 4030 599 4092; x_wconf 62' lang='lat' dir='ltr'><strong>comparatum</strong></span> <span class='ocrx_word' id='word_1_314' title='bbox 627 4020 720 4074; x_wconf 90' lang='lat' dir='ltr'><strong>deinde</strong></span> <span class='ocrx_word' id='word_1_315' title='bbox 736 4022 774 4087; x_wconf 83' lang='lat'><strong>(§.</strong></span> <span class='ocrx_word' id='word_1_316' title='bbox 788 4018 861 4086; x_wconf 83' lang='lat'><strong>20.),</strong></span> <span class='ocrx_word' id='word_1_317' title='bbox 889 4023 918 4068; x_wconf 91' lang='lat' dir='ltr'><strong>ut</strong></span> <span class='ocrx_word' id='word_1_318' title='bbox 934 4019 1050 4084; x_wconf 89' lang='lat' dir='ltr'><strong>articuli,</strong></span> <span class='ocrx_word' id='word_1_319' title='bbox 1075 4019 1113 4071; x_wconf 89' lang='lat' dir='ltr'><strong>sic</strong></span> <span class='ocrx_word' id='word_1_320' title='bbox 1131 4023 1274 4074; x_wconf 84' lang='lat' dir='ltr'><strong>nominatus</strong></span> <span class='ocrx_word' id='word_1_321' title='bbox 1292 4023 1407 4074; x_wconf 85' lang='lat' dir='ltr'><strong>dividuo·</strong></span> <span class='ocrx_word' id='word_1_322' title='bbox 1431 4017 1432 4020; x_wconf 51' lang='lat'>&#39;</span> 
     </span>
     <span class='ocr_line' id='line_1_39' title="bbox 284 4087 1406 4161; baseline -0.004 -16"><span class='ocrx_word' id='word_1_323' title='bbox 284 4102 326 4146; x_wconf 89' lang='lat' dir='ltr'><strong>tur</strong></span> <span class='ocrx_word' id='word_1_324' title='bbox 344 4096 370 4148; x_wconf 89' lang='lat' dir='ltr'><strong>iu</strong></span> <span class='ocrx_word' id='word_1_325' title='bbox 387 4097 473 4148; x_wconf 86' lang='lat' dir='ltr'><strong>finitos</strong></span> <span class='ocrx_word' id='word_1_326' title='bbox 498 4101 524 4145; x_wconf 88' lang='lat' dir='ltr'><strong>et</strong></span> <span class='ocrx_word' id='word_1_327' title='bbox 542 4093 667 4156; x_wconf 81' lang='lat' dir='ltr'><strong>infinitos3</strong></span> <span class='ocrx_word' id='word_1_328' title='bbox 694 4094 770 4144; x_wconf 90' lang='lat' dir='ltr'><strong>tertio</strong></span> <span class='ocrx_word' id='word_1_329' title='bbox 788 4093 845 4142; x_wconf 88' lang='lat' dir='ltr'><strong>loco</strong></span> <span class='ocrx_word' id='word_1_330' title='bbox 864 4087 903 4154; x_wconf 68' lang='grc' dir='ltr'><strong>(ἓ.</strong></span> <span class='ocrx_word' id='word_1_331' title='bbox 919 4089 975 4155; x_wconf 85' lang='grc'><strong>18.)</strong></span> <span class='ocrx_word' id='word_1_332' title='bbox 995 4091 1118 4142; x_wconf 84' lang='lat' dir='ltr'><strong>orationis</strong></span> <span class='ocrx_word' id='word_1_333' title='bbox 1143 4094 1251 4146; x_wconf 86' lang='lat' dir='ltr'><strong>casualis</strong></span> <span class='ocrx_word' id='word_1_334' title='bbox 1269 4110 1333 4161; x_wconf 85' lang='lat' dir='ltr'><strong>pars</strong></span> <span class='ocrx_word' id='word_1_335' title='bbox 1351 4092 1406 4145; x_wconf 87' lang='lat' dir='ltr'><strong>diri-</strong></span> 
     </span>
     <span class='ocr_line' id='line_1_40' title="bbox 284 4158 1406 4227; baseline -0.004 -11"><span class='ocrx_word' id='word_1_336' title='bbox 284 4166 353 4216; x_wconf 89' lang='lat' dir='ltr'><strong>ditur</strong></span> <span class='ocrx_word' id='word_1_337' title='bbox 369 4167 396 4217; x_wconf 87' lang='lat' dir='ltr'><strong>in</strong></span> <span class='ocrx_word' id='word_1_338' title='bbox 414 4167 559 4217; x_wconf 87' lang='lat' dir='ltr'><strong>nominatus</strong></span> <span class='ocrx_word' id='word_1_339' title='bbox 577 4171 603 4216; x_wconf 84' lang='lat' dir='ltr'><strong>et</strong></span> <span class='ocrx_word' id='word_1_340' title='bbox 621 4165 758 4227; x_wconf 86' lang='lat' dir='ltr'><strong>articulos,</strong></span> <span class='ocrx_word' id='word_1_341' title='bbox 777 4170 804 4213; x_wconf 90' lang='lat' dir='ltr'><strong>et</strong></span> <span class='ocrx_word' id='word_1_342' title='bbox 823 4158 848 4210; x_wconf 89' lang='lat' dir='ltr'><strong>hi</strong></span> <span class='ocrx_word' id='word_1_343' title='bbox 866 4161 893 4210; x_wconf 95' lang='lat' dir='ltr'><strong>in</strong></span> <span class='ocrx_word' id='word_1_344' title='bbox 910 4161 996 4212; x_wconf 85' lang='lat' dir='ltr'><strong>finitos</strong></span> <span class='ocrx_word' id='word_1_345' title='bbox 1013 4166 1040 4212; x_wconf 88' lang='lat' dir='ltr'><strong>et</strong></span> <span class='ocrx_word' id='word_1_346' title='bbox 1058 4163 1178 4218; x_wconf 85' lang='lat' dir='ltr'><strong>infinitos.</strong></span> <span class='ocrx_word' id='word_1_347' title='bbox 1215 4165 1294 4220; x_wconf 81' lang='lat' dir='ltr'><strong>Quod</strong></span> <span class='ocrx_word' id='word_1_348' title='bbox 1313 4165 1406 4216; x_wconf 80' lang='lat' dir='ltr'><strong>ubisit</strong></span> 
     </span>
     <span class='ocr_line' id='line_1_41' title="bbox 283 4233 1405 4303; baseline -0.007 -16"><span class='ocrx_word' id='word_1_349' title='bbox 283 4236 434 4303; x_wconf 84' lang='lat' dir='ltr'><strong>dispositum</strong></span> <span class='ocrx_word' id='word_1_350' title='bbox 453 4243 508 4298; x_wconf 82' lang='lat' dir='ltr'><strong>est,</strong></span> <span class='ocrx_word' id='word_1_351' title='bbox 527 4237 609 4301; x_wconf 86' lang='lat' dir='ltr'><strong>quivis</strong></span> <span class='ocrx_word' id='word_1_352' title='bbox 626 4235 712 4286; x_wconf 84' lang='lat' dir='ltr'><strong>statim</strong></span> <span class='ocrx_word' id='word_1_353' title='bbox 731 4235 873 4298; x_wconf 83' lang='lat' dir='ltr'><strong>intelliget,</strong></span> <span class='ocrx_word' id='word_1_354' title='bbox 898 4233 923 4294; x_wconf 84' lang='lat'><strong>§.</strong></span> <span class='ocrx_word' id='word_1_355' title='bbox 942 4236 984 4284; x_wconf 86' lang='grc'><strong>18.</strong></span> <span class='ocrx_word' id='word_1_356' title='bbox 1003 4234 1142 4298; x_wconf 85' lang='lat' dir='ltr'><strong>contineri,</strong></span> <span class='ocrx_word' id='word_1_357' title='bbox 1168 4251 1234 4302; x_wconf 82' lang='lat' dir='ltr'><strong>quae</strong></span> <span class='ocrx_word' id='word_1_358' title='bbox 1259 4239 1285 4302; x_wconf 68' lang='lat'><strong>§-</strong></span> <span class='ocrx_word' id='word_1_359' title='bbox 1306 4241 1354 4291; x_wconf 83' lang='lat'><strong>19.</strong></span> <span class='ocrx_word' id='word_1_360' title='bbox 1372 4239 1405 4288; x_wconf 79' lang='lat'><strong>2⁰.</strong></span> 
     </span>
     <span class='ocr_line' id='line_1_42' title="bbox 282 4305 939 4374; baseline -0.008 -15"><span class='ocrx_word' id='word_1_361' title='bbox 282 4306 454 4374; x_wconf 77' lang='lat' dir='ltr'><strong>disputatione</strong></span> <span class='ocrx_word' id='word_1_362' title='bbox 472 4307 635 4374; x_wconf 80' lang='lat' dir='ltr'><strong>excipiuntur</strong></span> <span class='ocrx_word' id='word_1_363' title='bbox 658 4310 736 4369; x_wconf 85' lang='lat' dir='ltr'><strong>atque</strong></span> <span class='ocrx_word' id='word_1_364' title='bbox 753 4305 939 4357; x_wconf 82' lang='lat' dir='ltr'><strong>continuantur.</strong></span> 
     </span>
    </p>
   </div>
   <div class='ocr_carea' id='block_1_10' title="bbox 0 0 1444 4804">
    <p class='ocr_par' dir='ltr' id='par_1_16' title="bbox 0 0 1444 4804">
     <span class='ocr_line' id='line_1_43' title="bbox 0 0 1444 4804; baseline 0 0"><span class='ocrx_word' id='word_1_365' title='bbox 0 0 1444 4804; x_wconf 95' lang='lat' dir='ltr'><strong> </strong></span> 
     </span>
    </p>
   </div>
  </div>
 </body>
</html>
