2890 4820
455 248 491 350 S·
521 253 568 332 65
595 253 725 340 -69·
1092 247 1146 322 27

48 473 100 618 pov
116 375 311 532 Costomm,
337 449 374 510 et
393 433 537 534 putabat
559 433 653 508 hunc
675 433 925 510 esse·Snncunr
950 434 993 509 ab
1017 433 1148 510 Sabina

62 550 176 642 inguar,
203 553 239 616 et
259 537 448 613 Herculem
472 563 494 608 a
516 535 664 610 Graeca.
716 536 814 610 Idem
834 537 893 610 lie
917 538 999 610 Dis
1022 550 1148 636 pater

50 647 181 736 dicitnr,
220 641 449 736 intimusque
477 648 531 710 ost
559 639 762 710 coniunctus
786 650 915 728 terrae,
951 637 1012 710 nbi
1033 641 1147 712 omnia

50 747 100 817 nt*
124 747 290 834 oriuntur,
316 739 386 813 ita*
412 737 633 813 aborinntnr:
669 763 788 835 qnare,
817 739 910 836 quod
933 739 1011 812 finis
1035 751 1188 832 ortnsffl

50 847 185 920 Orcus
209 841 337 916 dictns.
476 837 544 916 67.
579 838 685 931 Quod
709 839 804 912 lovis
827 842 940 914 Iuno
966 843 1150 914 coniuret

50 952 75 1019 is
95 947 245 1018 caelum:
283 943 369 1016 haec
391 952 481 1014 terra
507 965 596 1038 quoe
618 941 737 1044 endem
760 939 884 1031 telins,
920 955 955 1016 et
977 942 1146 1033 eadicta,

52 1049 135 1142 qnod
156 1071 226 1120 nna
253 1071 332 1117 cum
358 1043 444 1116 ‘love
473 1043 588 1134 iurat,
623 1042 735 1134 luno,
771 1053 806 1114 ct
838 1044 1018 1140 regina,
1054 1043 1149 1142 qnod

51 1147 142 1220 huius
164 1149 279 1221 omnia
303 1144 489 1226 terrestria.
603 1200 605 1210 .
867 1192 870 1203 .
915 1207 917 1214 Α
961 1154 966 1164 ’

141 1261 210 1337 68.
240 1263 346 1355 sol,
372 1261 428 1335 vel
447 1261 540 1360 qnod
561 1263 607 1332 ita
630 1257 774 1354 Sabini,
800 1260 856 1334 vel
874 1259 966 1332 solns
991 1264 1039 1334 ita
1060 1261 1152 1335 lucet

51 1379 85 1438 nt
101 1390 142 1438 ex
166 1392 208 1439 eo
229 1364 383 1438 deo-dies
401 1363 458 1438 sit.
499 1363 620 1432 Luna
642 1361 698 1433 vel
717 1361 811 1461 qnod
831 1362 905 1434 sola
923 1361 1017 1434 lncet
1033 1372 1150 1454 noctu,

53 1470 159 1564 itaque
184 1491 225 1539 ea
253 1466 344 1540 diota
365 1463 603 1537 Noctiluca
624 1464 661 1532 in
681 1462 838 1556 Palatio3
874 1486 953 1534 nam
977 1462 1026 1535 ibi
1049 1474 1155 1536 nocto

53 1561 344 1666 lucet-templum.
393 1563 522 1657 Hanc,
556 1574 595 1634 ut
617 1563 734 1636 Solem
756 1559 1038 1661 Apollinem,
1077 1566 1153 1661 qni·

50 1667 119 1740 dam
152 1671 339 1741 Dianam
364 1675 512 1760 vocant3
555 1663 759 1738 vocabulum
791 1663 963 1736 Grneonm
994 1664 1149 1757 alterum,
1161 1689 1195 1734 ⁷⁴

51 1769 189 1842 alterum
219 1769 404 1857 Latinum,
446 1777 481 1836 et
511 1765 612 1855 hino,
648 1764 742 1862 qarod
767 1764 850 1836 lnna
878 1767 915 1837 in
941 1752 1197 1838 altitudinem-

52 1883 78 1942 ct
96 1868 311 1942 latitudinem
333 1864 435 1937 simul
449 1877 517 1958 eat,
547 1867 695 1937 Diviana
717 1865 898 1962 appellata.
952 1866 1049 1938 Hinc
1069 1867 1156 1962 Epi·

53 1969 205 2042 clrarmus
226 1969 321 2043 Enni
343 1969 587 2065 Proserpinam
610 1991 746 2063 qnoque
764 1967 946 2064 appellat.
962 1967 1055 2063 qnod
1071 1968 1157 2039 solet

54 2097 118 2144 csse
141 2069 208 2144 suh
232 2070 348 2142 terris.
416 2070 520 2141 Dicta
552 2067 848 2164 Proserpina,
883 2069 980 2166 qnod
1006 2067 1091 2142 haec
1118 2078 1159 2140 ut

54 2197 183 2270 serpens
211 2169 314 2243 modo
342 2170 380 2240 in
404 2168 600 2260 dexteram,
639 2167 740 2240 modo
765 2170 801 2240 in
814 2251 817 2258 Ι
830 2170 1002 2242 sinistram
1027 2180 1159 2266 partem,

55 2271 113 2344 iate
148 2282 317 2346 movetur.
386 2269 534 2366 Serpere
564 2281 599 2342 et
630 2295 828 2368 proserpere
861 2269 952 2342 idem
982 2269 1155 2362 dicebant,

56 2384 90 2444 nt
112 2375 260 2448 Plautus
287 2368 381 2468 quod
403 2369 544 2442 scribit:

159 2493 279 2582 Quasi
297 2516 525 2587 proserpens
545 2490 669 2562 hestia.

59 2605 118 2679 69.
153 2611 255 2702 Quae
271 2607 348 2683 ideo
384 2629 520 2707 quoqne
544 2607 679 2683 videtur
706 2608 750 2683 ab
779 2610 911 2682 Latinis
941 2609 962 2680 l
970 2633 1053 2680 uno
1077 2610 1198 2680 Lmen

61 2712 149 2784 cina
178 2712 294 2804 dicta,
328 2709 385 2784 vel
411 2707 505 2812 quod
528 2720 562 2783 et
587 2736 627 2784 en
653 2723 764 2807 terra,
800 2724 840 2785 ut
860 2709 1005 2810 Physiei
1026 2710 1206 2804 dicunt&

60 2891 177 2964 putabat]
195 2896 347 2949 vertantur
366 2902 392 2948 et
409 2895 454 2952 Fr.
467 2897 586 2949 Poenius.
618 2894 754 2965 putebant
771 2897 846 2954 codd.
956 2891 1085 2964 Sancum]
1098 2898 1163 2949 Son-

64 2967 129 3030 liger.
163 2977 288 3018 sarnetum
305 2967 380 3019 codd.
509 2967 560 3017 Dis
577 2969 666 3033 peter]
683 2970 748 3022 coni.
785 2969 839 3020 dies
853 2975 934 3036 pater
950 2968 997 3020 Fe.
1039 2966 1164 3034 diespiter

62 3037 121 3090 an.
154 3037 300 3106 diacopiter
316 3039 351 3091 Η.
389 3036 428 3088 lie
445 3036 504 3088 Dite
522 3043 594 3104 patre
611 3037 750 3092 Varronem
769 3040 879 3102 dixisse,
901 3039 977 3089 facile
1003 3039 1163 3104 intelligitur.

62 3106 149 3173 Varro,
175 3109 221 3175 qni
243 3109 327 3160 omnia
349 3108 450 3161 numina
474 3108 507 3158 ad
531 3114 615 3175 partes
632 3108 716 3160 mnndi
742 3114 845 3161 revocat
863 3107 1012 3174 (Angustia.
1031 3108 1064 3160 dc
1082 3107 1113 3160 C.
1132 3108 1164 3160 D.

65 3176 122 3242 Vll,
139 3176 195 3245 6.)‚
222 3181 335 3243 coelum,
361 3194 410 3244 qna
428 3184 520 3230 terram
538 3179 620 3244 tangit
638 3185 664 3230 et
679 3180 758 3232 ambit
776 3179 847 3245 (narn
864 3181 961 3232 caelum
979 3185 1071 3232 terram
1089 3180 1165 3230 undi-

63 3261 106 3310 que
122 3249 271 3317 complecti,
287 3249 386 3301 dixerat
403 3264 478 3316 supra
495 3251 520 3312 5.
532 3252 597 3314 ln),
621 3249 705 3302 Ditem
723 3257 823 3317 patrem
839 3256 865 3304 et
883 3251 978 3302 Orcum
996 3251 1090 3303 dictum
1109 3266 1165 3302 esse

64 3319 189 3373 existimat.
279 3321 344 3392 que]
362 3321 425 3372 coni.
461 3319 507 3389 qni
520 3317 594 3371 codd.
682 3325 731 3370 nt'
751 3319 886 3387 oriuntur]
903 3323 969 3374 coni.
1005 3320 1166 3371 oborientur

64 3388 117 3440 GH.
151 3390 277 3441 oriuntur
294 3397 353 3443 cett.
465 3389 537 3456 ita']
555 3389 621 3442 coni.
650 3389 689 3442 lll
706 3391 731 3442 b.
768 3392 795 3442 vi
811 3398 872 3445 cett.
986 3389 1166 3460 quare1coni.

67 3475 168 3525 quornm
184 3460 259 3512 codd.
295 3462 415 3513 Fortnsse
432 3475 464 3512 an
476 3461 559 3511 Varro
577 3477 643 3528 quor
660 3463 797 3530 scripserit,
818 3463 885 3529 qnod
897 3463 935 3513 sio
952 3460 1091 3513 adhibitum
1109 3476 1167 3512 esse
1241 3493 1244 3498 -

67 3529 156 3582 ridetur
172 3532 206 3595 V,
225 3535 285 3584 108.
304 3539 330 3584 et
347 3549 380 3586 ex
397 3531 505 3583 lectione
524 3531 557 3582 G.
570 3530 616 3598 lX,
633 3533 677 3584 93.
788 3535 875 3600 ortuo]
890 3533 954 3584 coni.
990 3541 1077 3583 ortum
1092 3531 1167 3590 codd.

66 3598 356 3668 Orcns1annebicod.
392 3611 466 3654 ortus
486 3605 545 3654 cett.
1065 3615 1072 3631 ’

166 3695 217 3760 68.
245 3708 302 3773 Sol]
319 3725 362 3775 vg.
396 3708 455 3759 sole
472 3707 547 3762 codd.
703 3707 789 3774 solus]
805 3707 948 3776 Scioppius.
991 3703 1076 3757 solum
1093 3707 1167 3761 codd.

69 3778 227 3847 vocabulum]
245 3780 314 3846 qnod
331 3785 390 3831 ante
408 3777 431 3829 h.
444 3797 467 3831 r.
485 3781 512 3832 in
529 3778 603 3832 codd.
617 3784 670 3832 estc
688 3779 828 3847 Apollinis,
846 3779 872 3830 id
887 3777 961 3829 omisi
973 3793 1030 3832 cunr
1045 3778 1169 3847 Scioppio

70 3855 180 3916 tanquam
209 3853 345 3917 glossema.
380 3849 541 3916 Epexegesin
560 3865 616 3902 esre
634 3850 785 3902 existimarit
802 3849 874 3917 Papo
891 3849 978 3900 Lectt.
995 3850 1070 3902 Vnrr.
1088 3853 1168 3916 pto.

69 3923 268 3989 eatJScioppins.
297 3931 324 3971 et
341 3919 415 3972 codd.
485 3921 566 3988 Enna]
575 3923 608 3974 G.
642 3921 724 3971 Ennii
741 3926 801 3974 cett.
820 3922 852 3974 V.
865 3926 949 3972 annot.
963 3919 994 3972 ad
1010 3920 1089 3972 Inscr.
1103 3919 1169 3972 libri.

70 3987 137 4042 Ennii
155 3993 244 4059 fragm.
263 3993 303 4045 ed.
322 3991 425 4044 Hessel.
442 4008 468 4058 p.
486 3995 547 4045 183.
657 3989 787 4056 Plautus]
804 3992 919 4067 Poennlo
938 3991 972 4056 V,
988 3994 1020 4056 2,
1036 3993 1080 4042 74.
1179 3995 1191 4011 ¹

171 4088 222 4152 69.
248 4098 444 4170 quoqne]GHn.
458 4113 508 4168 om.
521 4105 581 4151 cett.
617 4099 759 4164 Quoque
777 4098 814 4149 sie
832 4101 1011 4166 transpositum
1024 4113 1075 4150 non
1088 4098 1171 4150 otien-

72 4167 116 4222 det.
137 4174 169 4226 V.
187 4189 228 4226 ex.
246 4185 286 4238 gr.
303 4171 337 4234 V,
360 4175 404 4224 82.
433 4185 452 4219 a
476 4167 527 4240 quo
551 4169 575 4220 is
600 4185 701 4240 quoqne
734 4167 860 4237 magister
886 4169 979 4238 populi
1009 4167 1170 4236 appelletur.

72 4239 111 4306 ab]
121 4243 185 4295 Hbc.
220 4261 237 4295 α
255 4247 316 4294 cett.
332 4242 372 4294 Ν.
390 4245 474 4293 annot.
491 4240 524 4290 ad
541 4241 621 4303 §.R
763 4247 790 4288 et
808 4239 851 4305 ec]
869 4241 935 4292 coni.
969 4241 1063 4292 edil.
1098 4249 1171 4288 este

72 4317 125 4364 cett.
141 4313 213 4366 codd·
255 4309 343 4364 altere
365 4311 477 4366 annebi
494 4309 551 4362 cod.
605 4319 647 4362 est
662 4319 689 4361 et
707 4309 771 4363 coni.
788 4311 910 4378 Spengel.
956 4311 1072 4380 Respicit
1089 4309 1170 4362 llarro
