2874 4804
462 269 500 372 §-
529 273 579 352 66
606 305 650 322 ·-
676 279 738 352 71.
954 262 960 274 “
1102 271 1186 348 259

45 451 333 536 Achilles,et
362 449 545 524 Peleus.
733 453 801 527 70.
837 456 894 531 Εο
926 483 1054 558 genere
1086 461 1243 558 multitu}

46 569 194 630 utuntur
214 581 287 629 non
308 552 413 627 modo
437 563 580 652 poetae,
610 555 672 629 sed
698 560 801 630 etiam
825 559 981 658 plerique
1006 587 1047 635 ac
1072 566 1248 662 primone

46 660 185 752 omnis,
229 659 292 756 qui
332 655 445 730 soluta
480 658 635 732 oratione
668 657 881 757 loquontur,
924 662 1108 761 dicebant,
1147 680 1187 741 ut

8 819 9 822 ,
46 769 286 860 quaestorem,
314 769 526 859 praetorem,
552 761 604 836 sic
626 760 839 857 Hectorem,
866 765 1065 840 Nestorem.
1113 768 1184 840 lta·

46 889 116 961 que
141 863 281 935 Ennius
306 864 373 935 ait:

128 987 338 1057 =-Hectoris
359 999 489 1056 natam
515 987 561 1056 de
586 1013 693 1060 muro
717 989 907 1060 iactarier.

46 1110 185 1185 Accius
210 1111 298 1186 haee
327 1099 365 1185 in
388 1113 574 1213 tragoediis
599 1115 731 1217 largius
757 1118 916 1215 aprisca
938 1117 1187 1192 consuetudine

44 1240 185 1288 movere
220 1217 354 1314 coepit,
391 1227 426 1288 et
451 1216 495 1288 ad
520 1216 651 1292 formas
682 1217 838 1294 Graecas
863 1216 1050 1292 verborum
1074 1225 1186 1322 magis

43 1342 229 1410 revocare,
250 1317 298 1390 *a
323 1343 394 1417 quo
418 1317 676 1394 Valerius'aitz

158 1449 299 1522 Accius
324 1453 527 1522 Hectorem
548 1455 648 1524 nolet
667 1454 824 1547 facere,
847 1455 1018 1526 Hectora
1047 1457 1169 1528 arctet.

44 1574 153 1666 Quod
177 1575 364 1650 adventitia
388 1579 555 1679 pleraque
576 1569 744 1653 hahemus
758 1578 927 1676 Graeca,
963 1593 1119 1656 secutum
1145 1595 1185 1657 ut

43 1678 90 1750 de
115 1677 230 1785 nothis
256 1677 491 1754 Graecanicas
517 1706 656 1780 quoque
686 1684 884 1755 nominatus
907 1683 1096 1782 plurimum
1120 1685 1184 1758 ha·

42 1778 217 1852 heremus.
272 1780 395 1882 ltaque
419 1792 460 1855 ut
483 1782 543 1855 hic
569 1784 637 1855 alia
664 1782 822 1878 Graeca,
856 1785 924 1857 alia
950 1785 1181 1882 Graecanica,

43 1883 96 1952 sic
121 1881 311 1982 analogiae.
459 1881 524 1957 71.
569 1887 710 1985 Equis
743 1913 833 1984 quae
858 1885 916 1961 hic
944 1887 1071 1961 nathae
1093 1889 1183 1962 fiunt

43 1983 314 2079 declinationes,
349 1986 393 2059 de
417 1986 474 2060 his
499 1987 587 2060 aliae
617 1999 701 2060 suut
728 1991 885 2087 priscae,
918 2000 958 2061 ul
990 1990 1241 2067 Bacchi-aaa
1309 2019 1312 2026 ⁴

45 2085 143 2157 deis
170 2097 204 2159 et
228 2085 525 2186 Chrysideis:
554 2089 642 2162 aliae
666 2092 839 2184 iuniores,
859 2102 907 2162 *ut
929 2079 1246 2191 Chrysidas*

43 2196 80 2258 et
112 2187 391 2262 Bacchides:
439 2191 526 2264 aliae
560 2194 738 2286 recenteS,
782 2203 824 2264 'ut
858 2191 1114 2293 Chrysidas
1147 2207 1181 2267 et

42 2289 326 2363 Bacchides:
360 2316 466 2390 quom
491 2292 548 2364 his
570 2293 731 2365 omnihus
756 2291 867 2366 trihus
888 2306 1030 2366 utantur
1054 2298 1178 2389 nostri,

41 2416 204 2463 maxume
235 2395 296 2490 qui
329 2405 520 2491 sequantur
551 2394 664 2467 media
695 2396 732 2465 iu
763 2394 960 2491 loquendo,
1001 2397 1193 2490 offendunt

41 2494 252 2589 minimum,
302 2496 396 2592 quod
434 2498 547 2594 prima
585 2521 710 2595 parum
734 2495 871 2570 similia
906 2495 1069 2570 videntur
1105 2523 1179 2571 esse

42 2593 190 2670 Graecis
216 2595 309 2670 unde
334 2600 404 2671 sint
429 2599 574 2700 halatu,
611 2600 712 2672 tertia
734 2625 859 2698 parum
881 2599 1006 2672 similia
1034 2601 1176 2674 nostris.
1202 2636 1203 2640 =

154 2813 207 2880 69.
233 2827 344 2897 aean]
362 2829 394 2882 a.
427 2829 531 2897 perae.
550 2833 584 2884 a.
620 2831 699 2884 aare.
716 2830 767 2885 aa.
814 2831 911 2886 aereus
928 2831 1035 2886 notrum
1058 2834 1108 2898 aar,
1126 2852 1175 2903 po-

39 2907 110 2954 terat
128 2901 170 2952 vel
194 2907 301 2970 propter
325 2905 462 2954 accentum
488 2918 510 2957 s.
528 2905 718 2959 voculatiouem
735 2905 871 2972 Latinam,
896 2905 938 2959 vel
955 2911 1063 2974 propter
1082 2909 1175 2960 transi-

38 2981 96 3028 tum
109 2974 142 3026 a‘n
160 2973 273 3040 reliquos
293 2988 377 3027 casus.

154 3082 208 3148 70.
234 3096 286 3164 Eo]
306 3081 384 3150 coni.¹
417 3097 449 3148 de
467 3097 543 3152 codd.
665 3097 709 3164 ac]
730 3099 796 3150 coui.
816 3097 898 3151 Heur.
916 3097 1070 3168 Stephanus.
1110 3099 1178 3152 llaec

36 3167 118 3220 codd.
159 3226 161 3232 ‚
249 3168 342 3236 omnis]
361 3169 392 3220 F.
436 3187 524 3221 omnes
541 3168 604 3222 GH.
755 3169 911 3240 loquantur]
934 3169 1084 3241 loquuntur
1102 3173 1178 3224 codd.

36 3235 224 3308 loquebantur
242 3241 308 3292 coni.
335 3240 417 3292 Henr.
436 3240 591 3308 Stephanus.
742 3241 896 3308 Hectarem]
915 3242 1017 3308 signum
1035 3243 1179 3310 productae

36 3311 160 3375 syllabae
178 3310 266 3364 addidi
285 3327 319 3364 ex
337 3311 369 3366 F.
407 3311 447 3364 cf.
467 3313 545 3378 VIII,
564 3315 611 3364 72.
733 3310 853 3377 Ennius]
870 3313 1057 3368 Andromache.
1093 3313 1180 3366 Bothe

34 3383 71 3436 P.
91 3382 137 3434 Sc.
155 3381 187 3434 L.
206 3384 241 3448 V,
257 3383 278 3436 I.
298 3401 323 3451 p.
333 3387 378 3435 35.
416 3383 535 3436 Dubitari
552 3381 657 3450 nequit,
686 3381 748 3447 quin
764 3383 885 3449 Scaliger
902 3383 968 3437 hunc
986 3401 1088 3438 versum
1105 3392 1178 3438 recte

35 3453 206 3506 coniunxerit
223 3469 280 3506 cum
300 3454 400 3506 duobus
418 3455 488 3518 aliis,
513 3470 579 3522 quos
596 3453 708 3506 servavit
730 3454 823 3506 Cicero
841 3455 920 3507 Tusa.
939 3460 971 3520 1,
989 3459 1031 3508 44.
1136 3456 1179 3506 de*

36 3525 131 3590 muro]
151 3525 182 3573 de
199 3543 285 3576 ,moero
304 3526 431 3592 Scaliger.
476 3525 507 3576 de
528 3525 645 3577 Troiano
664 3542 740 3576 muro
766 3527 842 3578 codd.
890 3525 1003 3578 Troiano
1026 3542 1059 3579 ex
1077 3529 1179 3593 glosse-

36 3595 119 3649 matis
138 3602 192 3662 est,
211 3597 304 3662 quibus
322 3599 402 3650 etiam
420 3597 481 3649 boni
499 3597 574 3649 codd.
592 3595 721 3650 interdum
741 3598 825 3650 vitiati
841 3602 910 3649 suut.
950 3597 1093 3662 iactarier]
1111 3599 1178 3650 Soa-

34 3669 117 3732 Iiger.
154 3667 255 3718 iactari
272 3668 348 3720 codd.
382 3669 478 3722 «Varro
498 3671 628 3736 iutegrum
646 3683 747 3720 versum
769 3669 862 3720 afferre
880 3667 1008 3732 debebat,
1037 3675 1067 3722 ut
1092 3671 1179 3724 statim

35 3739 180 3806 productio
197 3740 289 3792 literae
307 3739 331 3792 0
349 3745 496 3808 appareret.
609 3737 722 3804 Accius]
742 3738 828 3791 Bothe
841 3740 872 3792 P.
885 3741 930 3791 Sc.
941 3739 975 3792 L.
985 3739 1018 3804 V,
1033 3744 1059 3790 1.
1078 3758 1103 3807 p.
1115 3745 1177 3795 234.

34 3812 72 3859 *a
91 3810 155 3878 quo]
174 3811 273 3879 scripsi.
309 3819 338 3861 et
356 3827 374 3859 a
391 3827 443 3880 quo
463 3808 537 3862 codd.
574 3825 593 3859 a
608 3827 661 3880 quo
674 3819 702 3860 et
720 3811 786 3863 coni.
805 3811 929 3878 Spengel.
1039 3811 1177 3882 Valeriae]

36 3882 175 3947 Soranus,
195 3888 226 3933 ut
243 3882 360 3947 videtur,
378 3879 411 3933 de
430 3898 482 3948 quo
500 3880 565 3946 VII,
583 3884 627 3934 31.
663 3884 704 3934 An
723 3883 863 3947 Aedituus,
874 3882 956 3934 ‘cuius
974 3882 1099 3935 creticum
1118 3884 1175 3950 epi-

33 3967 164 4016 gramma·
176 3954 277 4006 Gellius
295 3953 430 4006 servavit?
601 3952 766 4018 nominatur]
786 3954 878 4022 scrtpsi
895 3969 929 4006 ex
945 3953 1012 4006 coni.
1031 3955 1174 4022 Spengelii,

33 4022 152 4080 Emend.
171 4025 246 4080 Varr.
265 4041 291 4093 p.
303 4029 329 4078 6.
354 4022 514 4075 'nominatos
533 4021 607 4077 codd.

152 4132 205 4199 71.
228 4144 387 4198 Bacchideia
404 4154 433 4196 et
455 4145 872 4218 carysicteis1scripnaaadente
895 4148 1045 4218 Speugclio.
1082 4145 1179 4200 bachi-

31 4219 83 4270 dcs
102 4230 131 4272 ct
152 4217 290 4291 chrysides
309 4216 458 4285 (Chriaidcs
477 4217 515 4286 a.)
534 4217 610 4272 codd.
733 4219 862 4288 iuniores]
879 4221 1028 4290 Seloppius.
1064 4220 1178 4272 minores

32 4289 116 4344 codd.
250 4287 381 4354 recentes]
400 4288 491 4342 Aldus.
535 4299 659 4360 regentes
677 4291 753 4346 codd.
904 4293 951 4364 qai
968 4291 1125 4363 sequentur]
1143 4291 1174 4345 F.

30 4369 237 4433 peraequantur
254 4377 279 4417 a.
313 4371 515 4432 persequuntur
533 4361 567 4414 G.
607 4372 758 4434 aequantur
775 4363 810 4416 H.

745 4460 823 4526 17⁸
