2864 4814
275 234 331 310 54
664 255 782 302 arcun
810 251 1001 314 ournrus.

277 443 381 494 nuuc.
435 413 624 490 Sodales
651 416 768 486 Titii
793 413 876 486 dicti
900 413 944 486 ab
969 413 1074 486 Titiis
1100 409 1220 484 avibus
1245 435 1332 507 quas
1358 413 1390 480 in

277 520 426 618 auguriis
453 519 556 590 certis
583 515 763 588 observare
791 515 913 588 solent.
1085 511 1153 584 86.
1189 512 1391 584 Feciales

277 621 372 718 quod
405 619 485 690 tidei
517 617 674 715 publicae
700 619 788 690 inter
813 616 959 714 populos
988 625 1187 710 praeerant,
1226 639 1307 683 nam
1332 639 1392 707 per

276 720 341 794 hos
365 719 471 793 fiebat
491 729 529 789 ut
553 721 681 791 iustum
706 719 943 813 conciperetur
966 715 1115 806 bellum,
1148 714 1282 786 atinde
1304 713 1391 784 desi-

278 827 384 915 tum†
415 830 456 891 ut
488 818 623 892 foedere
657 818 741 890 fides
775 820 871 915 pacis
907 819 1179 891 constitueretur.
1249 815 1309 886 Ex
1340 813 1391 882 his

232 922 500 1008 {emittebantur
524 931 707 1017 antequam
733 921 989 1015 conciperetur,
1025 919 1085 1013 qui
1109 943 1165 988 res
1186 925 1389 1012 repeterent,

277 1036 313 1096 et
337 1049 399 1118 per
421 1021 486 1093 bos
509 1023 608 1092 etiam
631 1045 724 1092 nunc
749 1018 788 1091 fit
810 1020 987 1112 foedus,
1024 1017 1117 1114 quod
1135 1018 1235 1111 fidus
1257 1017 1391 1088 Ennius

277 1123 396 1196 scribit
421 1122 561 1193 dictum.
1190 1119 1193 1136 ¹

215 1247 266 1320 16
389 1229 458 1302 87.
495 1232 540 1301 In
563 1255 601 1300 re
627 1229 764 1300 militari
785 1240 971 1328 praetor
996 1227 1128 1320 dictus,
1166 1229 1226 1325 qui
1247 1227 1392 1325 praeiret

278 1333 454 1407 exercitui.
526 1331 778 1429 Imperator
814 1329 858 1401 ab
880 1329 1033 1428 ‘imperio
1067 1329 1207 1428 populi,
1245 1330 1308 1424 qui
1339 1351 1393 1397 eos

190 1485 195 1494 -
279 1434 402 1531 quiid
428 1442 649 1504 attentassent
671 1433 840 1528 oppressit
862 1431 991 1503 bostes.
1033 1431 1208 1529 Legati,
1235 1429 1297 1526 qui
1315 1427 1394 1498 lecti
1424 1443 1425 1474 t

278 1533 441 1632 publice,
488 1558 634 1631 quorum
673 1558 777 1630 opera
816 1531 1024 1630 consilioque
1066 1541 1216 1603 uteretur
1254 1553 1394 1626 peregre

279 1637 519 1731 magistratus,
565 1635 667 1730 quive
695 1636 813 1704 nuncii
849 1645 985 1705 senatus
1022 1643 1082 1704 aut
1115 1631 1234 1729 populi
1266 1640 1390 1703 essent.

280 1734 546 1826 Exercitus,
584 1733 677 1829 quod
713 1734 931 1807 exercitando
966 1732 1005 1805 fit
1037 1734 1169 1806 melior.
1233 1730 1393 1829 Legio,
1425 1763 1426 1782 ¹

240 1834 375 1931 requod
400 1834 561 1932 leguntur
585 1834 707 1904 milites
733 1836 769 1904 in
795 1834 940 1906 delectu.
1105 1831 1173 1904 88.
1208 1831 1393 1922 Cohors,

283 1935 389 2032 quod,
414 1947 454 2007 ut
477 1938 513 2005 in
531 1934 612 2005 villa
632 1961 674 2006 ex
694 1934 849 2030 pluribus
871 1937 971 2006 tectis
993 1935 1209 2032 coniungitur
1232 1959 1272 2005 ac
1299 1931 1395 2030 quid-

282 2037 361 2107 dam
384 2036 425 2106 lit
448 2063 568 2127 unum,
600 2037 649 2106 sic
670 2033 728 2105 bic
751 2061 793 2106 ex
817 2033 999 2133 manipulis
1023 2035 1180 2132 pluribus
1204 2034 1392 2132 copulatur.
1426 2083 1427 2142 ,

240 2167 273 2235 ⁹.1
284 2135 443 2226 Cohors,
480 2162 566 2231 quae
597 2138 633 2206 in
664 2135 765 2227 villa,
800 2137 893 2234 quod
923 2138 1015 2208 eirca
1049 2162 1127 2207 eum
1156 2136 1271 2207 locum
1294 2159 1397 2232 pecus
1426 2157 1427 2160 ’

284 2246 521 2308 cotircereturz
548 2239 680 2308 tametsi
706 2236 880 2310 cobortem
904 2239 940 2309 in
962 2238 1042 2308 villa
1065 2239 1293 2336 Hypsicratea
1319 2236 1399 2306 dicit

284 2363 359 2409 esse
380 2335 514 2408 Graece
537 2334 669 2440 χόρτον
694 2339 786 2434 apud
811 2349 931 2436 politas
956 2339 1095 2409 dictam.
1148 2337 1399 2431 Manipulos
1427 2398 1428 2444 ,

284 2441 454 2510 exercitus
480 2441 637 2510 minimas
661 2466 783 2512 manus
808 2466 896 2537 quae
928 2465 1034 2510 unum
1062 2450 1225 2510 secuntur
1249 2441 1396 2537 signnm.
1427 2491 1428 2518 2

285 2538 503 2611 Centuria
529 2542 588 2635 qui
612 2540 677 2610 sub
702 2567 770 2613 uno
797 2543 993 2614 centurione
1016 2535 1118 2632 sunt,
1149 2565 1296 2637 quorum
1323 2566 1399 2612 cen·

285 2642 434 2710 tenarius
459 2641 573 2709 iustus
594 2667 769 2711 numerus.
885 2638 953 2712 89.
976 2641 1158 2734 Milites,
1185 2640 1279 2737 quod
1299 2643 1400 2712 trium

286 2738 418 2809 milium
451 2740 562 2834 primo
594 2740 683 2838 legio
708 2740 833 2832 tiebat,
870 2767 911 2812 ac
946 2741 1098 2840 singulae
1130 2741 1241 2814 tribus
1271 2741 1401 2813 Titien-

288 2839 400 2931 sium,
429 2841 633 2932 Ramnium,
659 2841 833 2912 Lucerum
853 2842 947 2913 milia
969 2842 1104 2942 singula
1124 2842 1269 2914 militum
1290 2843 1401 2914 mitte·

192 2936 383 3018 ·(24)hant.
436 2939 619 3012 Hastati
648 2941 730 3013 dieti
755 2944 815 3039 qui
839 2945 941 3040 primi
961 2941 1069 3016 hastis
1091 2941 1311 3042 pugnabant,
1348 2946 1403 3040 pi·

154 3067 156 3073 ’
288 3036 386 3112 lani
419 3044 480 3138 qui
511 3043 611 3139 pilis,
648 3045 885 3142 principes
915 3046 975 3143 qui
1002 3070 1023 3116 a
1054 3047 1224 3144 principio
1256 3043 1401 3144 gladiis:

400 3229 452 3294 86.
476 3242 536 3293 inde
555 3245 666 3296 desitum
674 3247 704 3312 †]
717 3245 790 3298 codd.
827 3263 877 3299 om.
893 3247 1056 3314 Vertranius,
1080 3249 1226 3318 Scioppius.
1268 3249 1405 3307 Fortasser

289 3329 348 3364 eum
367 3313 480 3366 desitum
501 3314 625 3382 (bellari).
661 3319 784 3370 Similiter
801 3317 907 3386 Popma.

399 3405 527 3486 fficiam]
542 3413 607 3473 coni.
643 3422 684 3472 lria
698 3425 771 3475 cedd.
797 3424 841 3474 bic
858 3426 983 3492 significat
999 3423 1028 3475 in
1045 3426 1169 3478 exercitu.
1197 3423 1297 3476 Deinde
1312 3424 1407 3473 τελείαν

290 3492 364 3558 posui
382 3488 490 3560 στιγμήν
508 3499 566 3560 post
584 3509 607 3544 v.
621 3495 761 3558 copulatur.
797 3497 880 3546 Antea
897 3497 966 3548 nulla
984 3503 1046 3548 erat.
1172 3495 1347 3560 coerceretur]
1365 3511 1406 3558 ug.

292 3570 424 3612 careretur
441 3563 472 3614 F.
515 3571 664 3612 comeretur
681 3565 741 3616 GH.
784 3565 948 3618 coherceretur
964 3583 988 3620 a.
1012 3575 1040 3620 et
1055 3567 1080 3620 b.
1099 3569 1140 3619 vcl
1156 3585 1179 3620 c.
1229 3565 1365 3616 coleretur
1385 3567 1407 3615 b.

292 3633 333 3682 vel
352 3648 374 3683 c.
502 3631 692 3701 Hypsicratea]
709 3633 767 3687 Ald.
786 3633 924 3702 ipsiorutes
943 3637 1016 3690 codd.
1041 3639 1150 3706 Scripsit
1167 3640 1203 3702 is,
1228 3637 1315 3689 Gellio
1334 3643 1408 3698 teste,

292 3717 370 3768 super
386 3703 418 3754 iis
436 3720 501 3770 quae
519 3721 535 3754 a
553 3704 658 3756 Graecis
676 3711 782 3771 accepta
800 3711 867 3758 suut.
1021 3707 1128 3777 χόρτον]
1144 3709 1288 3761 Turnebus.
1322 3727 1355 3772 χο
1373 3707 1406 3758 Η.

292 3771 355 3824 Lac.
373 3772 398 3822 iu
417 3775 466 3826 Ga.
503 3775 626 3826 ‹toltorton
644 3780 704 3827 cett.
842 3775 1100 3844 Munipulua1cedd.
1128 3781 1176 3832 nisi
1194 3777 1263 3845 quod
1280 3777 1408 3845 manipuli

292 3857 316 3892 a.
353 3842 392 3892 De
411 3846 557 3896 accusativo
575 3847 641 3897 inter
658 3845 826 3898 nominativos
843 3847 923 3898 mixto
942 3863 965 3899 v.
980 3858 1065 3904 annot.
1079 3850 1111 3904 ad
1125 3853 1149 3916 ς.
1160 3855 1203 3902 at.
1317 3867 1409 3900 secun-

293 3911 350 3976 tur]
370 3914 434 3964 coni.
476 3923 626 3983 sequuntur
644 3917 721 3968 GHb.
763 3917 1031 3986 aequiternam.
1060 3929 1088 3973 ut
1106 3922 1215 3973 ridetur.
1249 3921 1281 3973 V.
1300 3935 1360 3972 airu.
1377 3917 1408 3969 ad

292 3981 316 4044 5.
326 3986 369 4032 33.
536 3986 711 4051 CenturiaJF.
748 3987 883 4038 centuriae
901 3994 960 4041 cett.
1073 3992 1131 4062 qui]
1149 3992 1214 4044 coni.
1250 4007 1319 4062 quae
1337 3989 1407 4043 cedd.

292 4051 396 4130 Feieilit
413 4051 529 4104 librarios
547 4062 673 4134 structura
695 4053 758 4126 πρὸς
779 4052 806 4106 ul
825 4056 1012 4126 σημαινόμενον.
1053 4062 1121 4114 lnlra
1138 4061 1191 4128 IX,
1209 4065 1235 4118 4.
1261 4059 1409 4130 decapolis

288 4137 479 4189 personarum,
506 4142 550 4194 qut
568 4127 606 4178 cis
624 4126 716 4179 debent
735 4125 786 4181 uti.

405 4205 456 4270 89.
481 4219 633 4285 miliumffi.
670 4223 782 4273 millium
799 4232 860 4280 cett.
896 4228 950 4280 Sed
975 4226 1049 4278 milia
1074 4243 1162 4282 omues
1186 4195 1212 4280 ln
1238 4226 1411 4293 mouentibus,

295 4290 362 4342 sicut
379 4290 504 4354 intravi,
522 4295 565 4343 36.
601 4294 667 4344 Sunt
685 4295 852 4360 Grammatici
870 4299 947 4350 rtiam
966 4313 1047 4363 nuuc,
1065 4301 1107 4366 qrri
1126 4297 1185 4353 mile
1202 4299 1299 4352 rectius
1312 4299 1411 4350 dictum
