2866 4812
384 265 388 272 ¹
463 237 500 338 §-
529 257 575 332 91
607 277 652 293 ·-
677 245 739 331 96.
1100 239 1184 316 229

58 423 120 498 9d.
149 423 269 516 Quare
294 419 612 494 dissimilitudinum
638 422 941 498 discernendarum
965 408 1071 500 car‘rsa
1097 457 1242 510 non-527
1272 501 1275 514 ,

59 551 229 622 nunquam
266 535 307 597 ut
340 549 530 622 pronomen
562 527 770 619 assumitur,
810 529 863 598 sic
890 553 1008 598 casum
1035 521 1244 627 aliquem*

58 630 192 708 assumi.
247 627 356 698 Utin
381 624 437 698 lais
461 651 605 719 nemus,
640 627 763 734 lepus,
804 627 878 700 hic
911 629 1063 726 lepus,
1102 632 1186 706 hoc

58 755 223 814 nemus:
252 730 300 801 ita
324 725 509 812 discedunt
529 753 572 800 ac
593 728 757 802 dicuutur
781 727 826 801 hi
851 731 1047 829 lepores,
1077 732 1186 806 haeo

56 855 243 903 nemora.
298 829 360 904 Sic
386 829 480 900 aliud
514 831 545 900 si
576 830 662 927 quid
691 843 905 930 assumptum
931 835 995 906 erit
1020 837 1187 908 extrinse-

57 958 135 1024 cus,
172 957 244 1030 quo
275 929 464 1004 similitudo
495 934 632 1027 penitus
667 935 817 1031 perspici
848 936 978 1031 possit:
1011 935 1089 1008 'non
1122 937 1188 1008 erit

56 1045 220 1108 remotum
254 1059 274 1104 a
308 1043 451 1125 natura,
486 1036 715 1131 nequeenim
742 1046 918 1136 magretas
943 1037 1076 1133 lapides
1099 1036 1248 1129 duo,1⁵a

55 1137 140 1206 inter
163 1162 201 1208 se
224 1135 355 1208 similes
379 1136 449 1206 sint
470 1160 593 1228 necne,
617 1137 813 1234 perspicere
834 1139 961 1233 possis,
986 1139 1052 1209 nisi
1073 1141 1186 1210 minu-

55 1247 124 1308 tum
149 1239 366 1308 extrinsecus
390 1261 499 1332 prope
525 1240 728 1336 apposueris
754 1237 907 1328 ferrum,
937 1238 1032 1334 quod
1057 1240 1186 1312 similes

56 1336 185 1434 lapides
211 1337 369 1410 similiter
394 1337 549 1431 ducunt,
585 1338 797 1411 dissimiliter
822 1339 1017 1412 dissimiles.

153 1463 223 1540 95.
256 1465 363 1558 Quod
394 1466 702 1539 ad‘nominatuum
727 1467 909 1566 analogian
934 1469 1103 1564 pertinet,
1141 1469 1188 1540 ita

52 1566 253 1641 delibatum*
275 1567 446 1658 arbitror,
475 1578 513 1639 ut
536 1570 651 1640 omnia
675 1591 763 1666 quae
790 1569 954 1640 dicuntur
977 1580 1115 1668 contra,
1142 1567 1186 1640 ad
1198 1598 1264 1664 1²1)

51 1669 330 1766 respondendum
356 1667 400 1740 ab
426 1667 482 1740 his
505 1667 660 1742 fontibus
689 1673 779 1742 stimi
810 1673 954 1768 possint.
1009 1669 1116 1762 Quod
1141 1671 1184 1742 ad
1194 1679 1249 1752 55

50 1769 235 1843 uerborum
260 1769 500 1867 temporalium
526 1773 692 1844 rationem
714 1774 849 1864 attinet,
879 1795 959 1843 cum
982 1783 1096 1868 partes
1117 1775 1185 1845 sint
1196 1787 1240 1860 ἓξ

51 1881 213 1968 quatuor,
241 1882 452 1968 temporum,
479 1897 722 1968 personarum,
750 1899 934 1972 generum,
962 1873 1185 1966 divisionum,

49 1999 94 2074 cx
127 1975 221 2046 omni
254 1983 352 2072 parte
385 1974 549 2071 quoniam
582 1973 860 2073 reprehendunt,
899 1973 943 2045 ad
970 1975 1106 2073 singula
1131 2001 1186 2046 re·

52 2073 240 2171 spondebo.
723 2090 727 2098 '

153 2173 222 2248 96.
264 2175 426 2248 Primum
448 2173 541 2272 quod
568 2177 665 2248 aiunt
690 2177 873 2277 analogias,
891 2203 962 2250 non
984 2179 1115 2250 servari
1148 2179 1249 2262 in54

55 2277 285 2375 temporibus,
323 2302 403 2348 cum
437 2275 555 2348 dicant
583 2276 701 2376 legi,
738 2279 862 2376 lego,
901 2278 1050 2376 legam
1075 2281 1198 2350 etsic'

57 2380 211 2453 similiter
234 2377 323 2472 alia,
363 2402 443 2447 nam
466 2403 555 2474 qnae
581 2379 653 2450 sint
676 2388 717 2450 ut
745 2378 813 2478 legi
839 2378 1030 2475 perfectum
1052 2379 1184 2476 signill-

56 2505 153 2574 carc,
191 2479 264 2552 duo
296 2478 429 2576 reliqua
462 2479 541 2578 lego
571 2489 607 2552 et
638 2479 767 2579 legam*
800 2479 1019 2551 inchoatum:
1061 2480 1186 2551 iniuria

57 2579 324 2679 reprehendunt.
389 2579 480 2652 Nam
512 2605 555 2652 cx
586 2581 706 2653 codem
739 2607 864 2682 genere
890 2592 923 2654 et
948 2608 991 2653 ex
1017 2580 1186 2653 divisione
1244 2617 1253 2627 ·

57 2681 143 2756 idem
167 2681 329 2772 uerbum,
363 2681 459 2780 quod
483 2695 658 2782 sumptum
683 2694 757 2778 cst,
786 2711 848 2781 per
873 2695 1028 2781 tempora
1050 2681 1185 2756 traduci

57 2797 188 2880 potest,
226 2795 265 2856 ut
298 2783 550 2877 discebam,
587 2785 737 2890 disco,
777 2786 968 2878 discam,
1006 2795 1041 2858 et
1068 2784 1244 2878 eademsp

59 2992 151 3052 poterit
169 2990 249 3044 etiam
269 2990 354 3058 aptius
373 2987 431 3042 huic
449 2991 516 3043 loco.
648 2989 904 3058 reprehendendum]
923 2989 1025 3056 scripsi,
1051 2989 1109 3041 coll.
1131 2987 1187 3052 vn,

57 3060 81 3110 l.
116 3060 356 3130 reprehendendum
373 3078 397 3112 a.
434 3059 685 3130 repraetmcandm
701 3061 732 3115 F.
769 3059 1013 3131 repraehendendus
1030 3061 1063 3112 G.
1100 3075 1189 3126 repro-

38 3126 208 3186 slendendna
225 3133 260 3191 H.

167 3225 222 3292 94.
239 3240 341 3310 Quare]
355 3239 428 3307 Quor
441 3241 475 3292 G.
495 3239 604 3292 fortasse
622 3244 701 3291 recte.
729 3239 761 3292 V.
775 3242 861 3288 auum.
877 3235 911 3287 ad
924 3237 956 3302 V,
965 3239 1008 3289 66.
1109 3234 1189 3286 dicri-

61 3306 248 3380 nilitudinum]
267 3329 310 3378 vg.
347 3309 590 3362 dissimilitudinem
608 3309 683 3362 codd.
802 3309 851 3375 Ut]
870 3309 937 3360 Ante
954 3307 978 3359 h.
991 3323 1016 3358 v.
1033 3306 1190 3374 iuterprnri,

61 3391 114 3431 cum
134 3387 233 3451 priores
252 3384 276 3436 h.
293 3385 310 3437 Ι.
329 3385 472 3435 orationem
492 3384 685 3446 continuarent,
703 3385 731 3432 et
749 3385 809 3448 post
825 3379 875 3430 hoc
892 3385 985 3430 nomos
1003 3377 1080 3445 plene
1098 3377 1188 3430 distin-

62 3462 176 3511 suerent.
206 3455 304 3508 Contra
319 3452 381 3506 milri
398 3455 490 3508 iterum
508 3461 687 3522 postremam
704 3451 788 3518 τελείᾳ
806 3451 902 3520 στιγμῇ
920 3457 1062 3517 opuserat.
1134 3447 1190 3513 ita]

60 3522 154 3591 scripsi.
191 3527 285 3598 itaquo
303 3525 380 3579 codd.
494 3523 623 3592 nouerit]
642 3524 675 3576 H.
712 3523 842 3575 nonenim
853 3525 906 3574 erit
923 3522 968 3574 Fa.
1005 3517 1141 3571 nonenim
1154 3521 1189 3571 G.

168 3633 221 3700 95.
253 3647 451 3717 nominaturus]
481 3648 572 3716 scripsi
601 3654 708 3701 auctore
735 3646 885 3714 Spengelio.
943 3640 1133 3696 nominativom
1159 3641 1187 3695 F.

63 3715 251 3772 nominativum
269 3723 304 3773 G.
346 3720 557 3774 nourinationum
581 3719 616 3772 H.
663 3717 821 3772 nominarim
837 3733 862 3768 a.
905 3716 1027 3768 Fortasse
1051 3731 1083 3767 au
1107 3714 1190 3768 Varro

62 3788 190 3862 tempserit
207 3792 396 3844 nominatuom.
521 3790 680 3862 analogian]
698 3789 798 3857 scripsi.
835 3786 965 3858 analogia
982 3785 1057 3839 codd.
1094 3783 1189 3838 analo·

61 3869 131 3918 giam
150 3879 192 3930 vg.
325 3862 494 3928 delibatum]
515 3863 584 3915 cani.
628 3861 790 3914 declinatum
809 3859 884 3912 codd.
1013 3856 1128 3925 possint]
1148 3871 1189 3926 vg.
1291 3852 1299 3867 ¹

60 3929 141 3985 P⁰⁸sit
160 3934 235 3988 codd.
253 3935 299 3988 sed
318 3935 350 3988 de
369 3951 392 3988 a.
412 3935 445 3988 nil
464 3941 627 3988 memoretur.
1049 3961 1051 3968 ι

169 4036 221 4103 96.
249 4061 281 4102 ut
299 4051 364 4122 legi]
384 4050 450 4104 coni.
467 4049 634 4118 Augustinus.
674 4057 704 4099 ut
723 4047 834 4118 legerem
853 4047 928 4100 codd.
1025 4041 1189 4114 perfectum]

64 4125 102 4177 vg,
137 4123 287 4194 perfectam
305 4123 381 4176 codd.
400 4123 467 4174 sicut
485 4127 577 4191 postea
592 4119 748 4172 inclinatum
766 4121 791 4170 in
810 4121 865 4170 solo
884 4119 918 4169 H.
939 4123 986 4170 est.
1088 4114 1145 4185 lego
1164 4123 1213 4188 er-

64 4180 170 4258 legam‘]
190 4194 265 4248 codd.
293 4197 340 4246 oisl
366 4193 437 4262 quod
460 4193 477 4244 ii
502 4194 596 4246 iterum
616 4201 644 4244 ct
669 4191 727 4262 lego
744 4191 874 4256 adiiciunt.
920 4187 1007 4259 legam
1025 4193 1053 4236 et
1070 4185 1129 4254 lego
1147 4202 1188 4247 vg.

63 4267 93 4299 ex
112 4259 248 4332 divisione]
267 4266 365 4330 idest,
392 4281 425 4318 ex
445 4282 475 4318 ea
494 4263 631 4329 divisione,
657 4279 706 4330 qua
724 4262 829 4316 verbum
852 4260 974 4314 iniectum
993 4259 1156 4324 distinguitur
1175 4271 1190 4304 a

64 4328 183 4389 tellecta.
221 4339 358 4402 01:597.
409 4350 412 4363 ·
474 4335 614 4400 rationem]
633 4351 675 4400 ug.
712 4333 814 4385 ratione
833 4332 907 4385 coddr
