2890 4820
128 333 130 341 .
215 247 330 327 ,lb
561 247 564 254 ’
670 269 1014 330 irraaourarus.

277 431 438 506 novando
471 431 665 504 novalis.
730 426 831 530 Ager
865 457 1002 502 arvus
1033 441 1070 502 et
1103 421 1333 500 arationes
1367 427 1406 499 ab

277 532 428 628 araud03
457 527 561 606 abeo
581 529 677 630 qnod
694 534 799 603 aratri
819 559 938 605 vomer
956 531 1108 624 sustulit,
1137 529 1315 622 sulcus3
1344 555 1408 626 quo

276 661 317 708 ea
342 647 434 708 terra
458 637 549 708 iacta
574 633 609 706 id
634 643 686 706 est
710 635 884 730 proiecta,
912 639 1063 732 porca.
1176 628 1245 702 40.
1272 632 1407 702 Prata

277 738 367 810 dicta
391 737 436 809 ab
462 762 524 827 eo,
562 734 656 833 quod
686 735 761 806 sine
794 761 898 833 opere
922 746 1056 833 parata.
1119 733 1228 826 Quod
1252 734 1301 803 iu.
1318 735 1407 830 agris

226 869 262 940 1⁴2
278 841 546 937 quotquotannis
571 862 709 908 rursum
733 835 891 910 facienda
916 835 1049 928 eadem,
1073 848 1114 908 nt
1135 861 1273 908 rursum
1295 836 1407 932 capias

276 941 427 1032 fructus,
455 939 625 1039 appellata
649 964 759 1010 rura.
803 941 952 1010 Dividit
973 943 1071 1012 illico
1091 937 1266 1021 Siccius‘‚
1291 934 1408 1007 scribit

276 1042 477 1138 Sulpicius,
504 1043 626 1138 plebei
649 1065 744 1110 rura
776 1045 935 1136 largiter
958 1045 1011 1112 ast
1032 1067 1172 1114 aream.
1226 1036 1406 1111 Praedia

248 1153 255 1174 ³
278 1143 384 1236 dicta,
413 1145 494 1214 item
517 1153 556 1213 nt
581 1139 783 1239 praedes,
806 1167 826 1213 a
848 1141 1067 1240 praestando,
1093 1140 1188 1240 quod
1205 1165 1245 1212 aa
1266 1141 1407 1237 pignore

214 1323 216 1330 .
279 1245 358 1315 data
382 1243 522 1342 publice
543 1243 723 1338 mancupis
748 1243 852 1315 fidem
873 1252 1060 1341 praestent.

240 1344 268 1419 5
378 1343 444 1417 ll.
483 1343 556 1416 Ubi
586 1367 679 1414 nunc
703 1354 754 1416 est
778 1346 914 1437 Roma,
952 1355 1026 1416 erat
1051 1343 1134 1416 olim
1159 1343 1406 1439 Septimon·

199 1459 265 1530 (12)
280 1449 406 1540 tium,
440 1445 681 1548 {nominatum
706 1442 751 1515 ab
775 1444 1041 1538 coamantibus,
1069 1471 1157 1542 qnos
1182 1455 1300 1542 postea
1326 1441 1408 1514 urbs

236 1568 270 1636 ¹2⁷
280 1551 387 1619 muris
421 1544 691 1645 comprehendit.
758 1547 793 1618 Ε
818 1550 907 1646 ¹quis
944 1545 1235 1645 Capitolium¹
1261 1545 1404 1636 dictum,

280 1647 375 1747 qnod
409 1649 491 1740 hic,
537 1673 642 1743 quom
677 1646 899 1721 fundamenta
929 1648 1128 1724 foderentur
1160 1647 1255 1719 aedis
1289 1647 1405 1736 lovis,

281 1761 386 1846 eaput
421 1749 612 1821 humanum
648 1747 774 1821 dicitur
811 1751 1001 1822 inventurn.
1075 1751 1149 1822 llic
1188 1763 1288 1822 mons
1330 1757 1407 1820 ante

234 1869 267 1936 1⁸
282 1853 507 1948 Tarpeius
532 1849 647 1922 dictus
672 1876 692 1920 a
717 1850 851 1948 virgine
875 1850 1017 1925 Vestale
1043 1852 1215 1948 Tarpeia,
1247 1875 1337 1948 qnae
1361 1849 1407 1920 ibi

277 1951 322 2024 ab
358 1953 498 2026 Sabinis
535 1965 656 2026 necata
692 1954 796 2024 armis
827 1964 863 2024 et
894 1953 1051 2049 sepulta3
1088 1955 1222 2049 'quoius
1259 1953 1406 2024 nominis

276 2057 523 2129 monimentum
561 2056 743 2146 relictum,
789 2053 885 2153 quod
921 2056 1023 2128 etiam
1063 2077 1157 2126 nuuc
1197 2055 1270 2126 eins
1304 2079 1406 2150 rupes

277 2156 468 2253 Tarpeium
487 2156 680 2254 appellatur
703 2183 839 2230 saxum.
869 2189 875 2204 ·
953 2153 1022 2228 42.
1054 2157 1164 2228 Hunc
1184 2168 1284 2227 antea
1309 2182 1405 2227 mon·

275 2268 344 2329 tem
381 2259 643 2349 Saturnium
681 2258 890 2356 appellatum
928 2257 1175 2358 prodiderunt,
1218 2268 1254 2347 et
1288 2255 1333 2328 ab
1367 2283 1406 2327 eo

275 2363 351 2430 late
391 2365 609 2433 Saturniam
645 2377 804 2451 terram,
852 2373 891 2434 ut
930 2364 1031 2435 etiam
1069 2362 1207 2432 Ennius
1241 2357 1402 2456 appellat.
1434 2351 1435 2389 ³

274 2460 473 2561 Antiquam
508 2465 673 2560 oppidum
713 2466 749 2535 in
783 2462 850 2538 hoc
888 2464 995 2536 fuisse
1027 2464 1193 2537 Saturnia
1225 2459 1403 2534 scribitur.

273 2561 364 2635 Eius
396 2566 542 2663 vestigia
574 2568 676 2639 etiam
696 2569 800 2638 nune
831 2575 972 2639 manent
1003 2567 1089 2638 tria:
1132 2563 1228 2663 (lund
1259 2562 1403 2636 Saturni

387 2752 439 2818 39.
463 2767 611 2837 arationes]
631 2771 648 2823 i.
667 2788 690 2824 e.
709 2773 766 2838 agri
785 2772 880 2840 publici
899 2774 944 2838 qni
968 2771 1082 2826 decumis
1104 2770 1231 2840 impositis
1248 2770 1281 2822 ab
1297 2771 1405 2822 aratori-

274 2839 323 2891 bus
341 2841 504 2892 colebantur:
531 2857 581 2905 qna
599 2841 679 2895 dere
699 2843 836 2894 Turnebus
853 2845 885 2896 ad
903 2843 926 2896 h.
946 2845 963 2896 l.
982 2845 1121 2912 prudenter
1138 2845 1200 2909 agit.
1308 2841 1404 2908 porca]

272 2912 459 2992 Aliteryarro
484 2912 517 2964 de
535 2912 568 2965 R.
587 2913 621 2965 R.
640 2913 668 2980 1,
686 2919 729 2966 29.
758 2915 858 2966 dicitur
880 2933 963 2984 porca
988 2915 1061 2986 quod
1081 2932 1114 2966 ea
1139 2932 1213 2985 seges
1234 2911 1407 2985 frumentum

269 2992 393 3052 porrtctt·

384 3058 436 3124 40.
460 3072 532 3124 illico
548 3072 679 3142 Siccius]
698 3076 765 3128 conl.
792 3073 821 3125 in
838 3093 882 3127 eos
898 3074 957 3126 eius
975 3075 1050 3128 codd.
1081 3065 1200 3141 cogitavi
1218 3073 1251 3127 (le
1264 3072 1404 3135 L.Siccio,

271 3144 316 3206 uui
347 3160 405 3196 cnm
434 3146 507 3198 Icilio
535 3147 620 3212 legem
642 3147 675 3199 de
699 3148 826 3200 Aventino
850 3147 1003 3215 publicando
1030 3149 1177 3215 pertulerat.
1223 3145 1301 3196 illico
1327 3145 1407 3196 suasit

270 3214 434 3267 Blamius.
478 3216 613 3284 Sulpicius
630 3221 687 3284 quis
703 3220 751 3283 sit,
776 3219 910 3272 incertum.
946 3219 1053 3272 Servius
1070 3219 1199 3286 Sulpicius
1216 3215 1302 3270 Rufus
1326 3216 1407 3278 lctus,

185 3337 188 3344 ,
270 3285 395 3338 Varronis
413 3288 542 3353 aequalis,
560 3305 577 3339 a
590 3289 714 3343 Tarnebo
732 3291 891 3358 intelligitur.
1013 3290 1137 3360 largiter]
1144 3291 1175 3341 F.
1211 3287 1332 3356 largitur
1345 3293 1406 3338 cett.

269 3363 301 3407 nt
318 3359 369 3409 vid.
387 3373 485 3410 omues.
619 3362 741 3428 pigriore]
760 3362 835 3414 codd.
868 3359 978 3431 pignori
994 3378 1036 3427 vg.
1078 3361 1128 3414 Est
1152 3377 1183 3414 ea
1207 3360 1317 3412 formula
1341 3359 1407 3410 inter

270 3428 404 3494 solennes,
430 3431 456 3482 in
480 3427 572 3495 quibus
597 3431 676 3483 dativi
701 3435 805 3499 antiqua
828 3433 910 3485 forma
934 3441 1036 3485 servata
1060 3441 1108 3486 est.
1145 3433 1185 3484 Cf.
1203 3434 1336 3490 Praetor.
1361 3425 1407 3499 qui

131 3495 136 3504 '
181 3520 186 3544 r
267 3501 470 3625 ltraeiritlllnq
482 3499 646 3626 aggacrgiltu
659 3504 692 3626 lsi,
701 3504 822 3625 Ιῗ1.·όᾳιιι’
830 3504 904 3627 gunt
923 3504 1021 3626 quigute
1040 3503 1176 3627 irlccifiunt
1177 3501 1302 3624 2(ξένιον.)
1321 3502 1405 3554 Plaut.

296 3587 378 3624 uren.
432 3612 490 3637 ‚‚
545 3611 551 3623 .
622 3591 647 3624 ra
685 3591 814 3627 onerer.
857 3591 945 3628 ramur.
989 3591 1024 3628 a.
1112 3613 1162 3628 ..
1232 3612 1240 3625 .
1329 3589 1406 3622 man-

271 3643 359 3710 cupis]
377 3645 446 3699 coni.
468 3644 698 3713 Ribbeutrop.
736 3663 877 3714 muncupes
895 3646 970 3699 codd.
1006 3592 1321 3716 maniupipvcrnanius.

384 3735 437 3800 41.
464 3751 505 3803 Ad
523 3753 608 3804 locum
626 3751 659 3804 de
677 3751 749 3804 Urbe
766 3752 890 3804 lectiones
909 3753 1024 3820 excerpti
1043 3752 1201 3804 Cassinensis
1219 3751 1308 3815 affert,
1328 3741 1405 3802 etde

271 3820 304 3871 ils
328 3819 441 3888 disputat
465 3823 503 3876 lo.
522 3825 599 3888 Bapt.
625 3824 785 3890 Morgagnus
805 3821 951 3888 (Raccolta
976 3822 1133 3892 d’opuscoli
1165 3821 1284 3890 scientis.
1311 3821 1406 3872 Vener.

271 3890 304 3944 T.
315 3891 360 3944 IV.
379 3898 433 3960 pti
449 3892 528 3961 squ).
565 3896 656 3963 Nuper
673 3897 706 3948 de
725 3911 756 3947 eo
780 3895 923 3962 quaesitum
948 3901 987 3947 est
1011 3897 1037 3947 iri
1054 3895 1200 3960 boettigeri
1222 3895 1331 3955 ..Konst
1350 3889 1407 3942 und

269 3962 448 4014 Alternum»
474 3967 548 4019 Fasc.
568 3973 593 4019 1.
610 3985 636 4034 p.
651 3972 694 4020 69.
716 3973 743 4019 et
760 3983 775 4019 a
794 3967 924 4018 Bunsenio
948 3967 974 4020 in
993 3967 1082 4020 Descr.
1102 3967 1179 4017 Urbis
1197 3965 1305 4016 Romae.
1333 3963 1366 4014 Τ.
1385 3963 1405 4015 Ι.

270 4050 297 4101 p.
314 4039 366 4086 688
381 4052 437 4104 sqq.
575 4048 636 4089 crat
654 4037 726 4104 clim]
745 4037 838 4090 addidi.
876 4039 1002 4091 Similiter
1026 4038 1149 4106 Spengel.
1169 4036 1276 4088 Emend.
1295 4037 1404 4088 Varron.

270 4123 297 4173 p.
310 4109 343 4156 18
362 4123 387 4158 n.
519 4109 732 4176 Septimontium]
740 4111 770 4163 F.
789 4109 918 4162 referente
935 4107 1076 4162 Niebubrio
1095 4110 1130 4161 R.
1149 4108 1224 4160 H.·l.
1243 4125 1268 4174 p.
1283 4111 1345 4176 400.
1364 4107 1405 4158 ed.

270 4192 323 4230 sec.
340 4177 484 4232 Turnebus.
520 4189 619 4250 septem
637 4182 764 4234 montium
782 4188 842 4234 cett.
879 4181 920 4236 Cf.
938 4183 1033 4236 Festus
1044 4199 1065 4234 s.
1080 4196 1120 4232 vv.
1144 4180 1252 4234 Sacrani
1271 4185 1298 4230 et
1314 4179 1404 4247 Septi-

270 4250 403 4302 montium.

382 4325 433 4390 42.
458 4337 575 4403 Ennius]
592 4339 618 4392 in
638 4341 783 4395 Annalibus.
827 4339 904 4394 Ennii
923 4341 1058 4396 Annalium
1077 4339 1219 4406 iugmcntn
1238 4348 1298 4410 post
1313 4340 1403 4394 Meru-
