2864 4814
434 218 472 320 s.
511 229 559 304 ιι
587 169 638 278 ’-
662 233 724 304 55.
1099 221 1153 298 os

36 408 225 482 aliantur
249 409 310 506 qni
335 409 373 480 in
397 405 453 480 his
476 405 563 482 lines
592 415 686 479 sunt.
807 403 878 478 dd.
920 407 1018 482 Hinc
1050 409 1217 510 tannae-<1

36 512 216 602 nominata,
253 507 349 607 quod
379 510 562 607 ponn‘fiees
584 511 621 580 in
647 505 818 580 sacrando
843 508 907 582 fati
929 513 1000 584 sint
1024 510 1127 584 linem
1139 541 1151 606 3

35 613 105 684 hinc
139 611 386 710 profanum
428 623 481 686 est
516 611 612 709 qnod
650 621 729 682 ante
769 610 890 682 fanum
931 614 1155 686 coniunctum

36 714 129 805 lano,
163 713 248 784 binc
284 712 576 811 profanatum
603 711 616 739 *
640 713 677 783 in
710 711 902 807 sacrificio,
945 724 1049 812 atque
1073 711 1154 787 inde

36 813 169 886 Herculi
203 815 348 886 decuma
381 814 550 912 appellata
586 812 631 886 ab
667 839 708 886 eo
742 824 824 906 est,
856 815 953 912 quod
983 815 1155 888 sacrificio

36 916 171 1013 quodam
206 915 364 1007 sanatur,
399 917 516 989 idest
544 928 584 988 ut
617 916 691 986 fani
722 913 799 1012 lege
830 916 888 987 sit.
950 915 996 990 ld
1027 917 1156 990 dicitur

34 1017 299 1115 polluctum,
344 1017 439 1115 quod
471 1044 491 1088 a
523 1016 742 1114 porriciendo
779 1025 831 1086 est
863 1015 1006 1114 fietum3
1048 1045 1155 1117 quom

35 1122 112 1190 enim
142 1145 186 1192 ex
214 1117 389 1192 mercibus
420 1117 607 1190 libamenta
637 1127 799 1216 porrecta
830 1128 913 1190 sunt
937 1116 1086 1192 Herculi
1118 1123 1211 1214 in221

36 1246 137 1312 aram,
177 1231 252 1292 tum
284 1219 476 1318 polluctum
506 1228 578 1312 est,
619 1233 686 1311 ut,
727 1243 833 1314 quom
862 1219 1156 1316 profanatum

36 1321 170 1414 dicitur,
194 1322 232 1393 id
258 1333 309 1393 cst
332 1321 477 1418 proinde
502 1331 542 1394 ut
564 1323 609 1393 sit
632 1323 705 1394 fani
730 1313 883 1414 facttimp
919 1322 1051 1418 itaque*
1072 1322 1155 1394 olim

17 1423 104 1496 ‚sano
124 1421 392 1496 consumebatur
415 1449 517 1496 omno
542 1423 637 1519 quod
661 1421 846 1520 profanum
871 1433 964 1513 crat,
993 1434 1031 1495 ut
1054 1425 1156 1495 etiam
1227 1409 1236 1428 ”

35 1523 84 1616 tit,
115 1526 210 1623 qnod
236 1527 385 1598 Praetor
408 1523 516 1598 Urbis
549 1525 735 1622 quotannis
761 1522 845 1594 lacit
878 1549 982 1621 quom
1001 1521 1157 1597 'Herculi

35 1627 177 1700 immolat
199 1625 339 1723 publice
363 1623 559 1699 iuvencam.
710 1623 779 1696 55.
818 1620 1023 1698 abeodem
1048 1625 1156 1698 verbo
1165 1639 1230 1710 (os)

35 1726 87 1798 sari
126 1727 350 1819 fabulae,
391 1739 431 1798 ut
468 1725 663 1827 tragoediae
685 1739 731 1798 ‘et
767 1719 983 1820 comoediae,
1029 1726 1154 1800 dictae.

35 1828 118 1902 llinc
153 1829 267 1902 fassi
304 1853 346 1902 ac
379 1828 600 1920 confessi,
639 1828 700 1926 qui
734 1828 798 1899 fati
829 1827 867 1900 id
899 1829 995 1926 quod
1024 1827 1068 1900 ab
1100 1828 1157 1902 his

35 1933 229 2025 quaesitum.
283 1931 382 2002 Hinc
404 1931 625 2029 professi,
662 1929 746 2000 binc
772 1928 890 2000 fama
915 1942 950 2002 et
974 1929 1153 2003 famosi..

36 2029 83 2103 th
109 2033 230 2106 eodem
254 2031 379 2124 falli,
416 2032 478 2104 sed
504 2043 538 2106 et
562 2031 724 2103 salsum
750 2040 785 2102 et
812 2030 1027 2126 fallacia,
1068 2057 1157 2130 quae

35 2145 223 2231 propterea,
264 2134 360 2231 quod
393 2133 498 2206 lbndo
517 2149 627 2232 'quem
656 2132 805 2230 decipit,
837 2157 879 2204 ac
901 2143 1027 2226 contra
1052 2160 1217 2232 quamam

36 2235 131 2328 dixit,
172 2236 290 2326 faciat.
357 2236 481 2332 ltaque
517 2238 547 2308 si
581 2237 659 2332 quis
691 2261 729 2304 re
745 2234 872 2326 venit,
888 2237 946 2306 .in
983 2234 1052 2308 boc
1083 2226 1219 2308 nondu-

36 2340 164 2435 proprio
182 2339 324 2410 nominc
346 2337 502 2426 fallacia,
532 2336 593 2410 sed
619 2335 800 2426 tralatitio,
825 2345 866 2406 ut
887 2361 907 2406 a
927 2334 1014 2432 pede
1036 2347 1158 2409 nostro

37 2462 86 2532 pes
111 2439 194 2512 lecti
227 2449 269 2510 ac
301 2438 413 2512 betae.
477 2438 574 2510 Hinc
612 2439 715 2508 etiarn
748 2435 1091 2532 famigerabile
1119 2448 1159 2508 et

37 2541 79 2610 sic
109 2542 337 2638 composititie
363 2539 430 2610 alia
453 2541 556 2633 item,
588 2550 628 2612 ut
657 2536 829 2610 declinata
860 2537 988 2634 multa,
1025 2539 1158 2637 inquo

38 2651 65 2712 et
91 2641 244 2717 fatuus
274 2653 311 2716 et
339 2643 520 2714 Fatuae.
617 2729 626 2736 -

134 2830 188 2897 54.
219 2845 299 2915 quod]
310 2847 341 2898 F.
378 2861 447 2918 quoe
461 2821 522 2896 cett.
651 2840 701 2894 ‘in
718 2841 862 2910 sacrificio]
881 2841 954 2914 quod
970 2842 1051 2914 (quid
1064 2843 1111 2912 F.)
1128 2843 1158 2896 in

40 2917 160 2985 sacrificio
181 2917 257 2971 codd.
291 2916 359 2969 Illud
377 2916 448 2986 quod
464 2914 547 2967 omisi.
660 2915 754 2984 atque]
768 2931 810 2981 vg.
847 2915 885 2964 ad
902 2931 970 2984 quae
987 2915 1071 2967 FGH.
1108 2915 1159 2965 ud·
1199 2941 1206 2960 .

40 3005 80 3054 que
97 3006 119 3042 a.
245 2987 406 3056 polluctum]
426 2987 528 3054 quidum
546 2983 615 3052 apud
632 2985 768 3051 Augustin.
807 2985 945 3053 pollutum
962 2985 1036 3036 codd.
1073 2987 1106 3038 V.
1125 2987 1159 3037 dc

39 3061 141 3123 polineio
164 3061 252 3127 Intpp.
270 3060 343 3111 Festi
361 3075 381 3110 s.
398 3076 423 3111 v.
438 3057 573 3126 pollucere
591 3073 617 3122 p.
629 3061 690 3108 616.
708 3055 827 3107 Lindum.
957 3056 1093 3122 porrecta]
1111 3072 1156 3122 vg.

37 3131 144 3194 proiecta
159 3132 245 3196 codd,
262 3137 292 3182 ut
305 3129 475 3197 proficiendo,
494 3129 570 3197 paulo
586 3128 719 3194 superiore
733 3129 799 3190 loco,
813 3125 848 3176 H.
867 3124 908 3177 Ci.
920 3139 996 3193 supro
1005 3127 1051 3191 VI,
1063 3131 1157 3181 luel.

25 3195 28 3202 ⁴
38 3201 216 3270 profanatum]
234 3202 378 3253 Turnebus.
411 3200 561 3269 profanum
579 3198 654 3250 codd.
778 3195 894 3266 itaque‘]
912 3195 1006 3267 itaque
1024 3195 1070 3248 ubi
1084 3199 1159 3252 codd.

42 3268 78 3319 ubi
95 3275 178 3340 omisi,
206 3274 252 3326 sed
275 3275 353 3326 etiam
378 3272 415 3324 sic
439 3271 523 3323 fateor
546 3271 631 3322 locum
651 3266 713 3320 mibi
730 3268 842 3320 nondum
860 3273 975 3320 sanetum
994 3285 1051 3320 esse
1069 3270 1159 3322 videri.

41 3341 121 3409 etiam]
139 3346 221 3394 etiam
234 3362 305 3395 nuuc
322 3345 387 3396 cuni.
401 3344 525 3411 Spengel.
629 3341 745 3390 Praetor
765 3337 855 3403 Urbis]
869 3340 968 3407 scripsi.
998 3342 1031 3393 P.
1040 3342 1074 3392 R.
1086 3339 1161 3391 urbis

42 3411 68 3465 F.
83 3422 110 3466 ut
126 3417 237 3469 videtur.
279 3415 396 3484 populus
414 3430 539 3466 ruinartus
557 3409 631 3462 urbis
647 3412 698 3475 Gn,
723 3417 753 3462 ut
771 3417 810 3462 est
829 3413 855 3462 in
874 3411 935 3462 edit.
953 3411 1034 3480 princ.
1077 3412 1111 3464 P.
1125 3413 1158 3464 R.

36 3475 96 3534 ‘urbe
109 3487 143 3542 H.
179 3489 206 3537 R
219 3489 254 3538 R.
272 3485 360 3537 urbem
378 3503 402 3538 a.
438 3484 512 3536 urbis
529 3485 555 3536 b.
587 3492 698 3551 praetor
716 3479 837 3534 urbanus
854 3497 896 3548 vg.

142 3593 195 3656 55.
214 3601 321 3674 faciat]
335 3601 365 3652 F.
397 3598 474 3668 fucit
492 3599 559 3652 Gau.
590 3597 645 3667 sac
663 3597 695 3650 dt
714 3598 750 3651 H.
863 3595 1000 3666 refellit]
1018 3599 1159 3652 Victorius.

49 3673 143 3741 refellit
161 3677 235 3730 FHu.
270 3671 372 3742 refellit
390 3672 417 3722 b.
452 3669 567 3738 reffallit
584 3671 619 3722 G.
733 3667 881 3734 tralatitio]
899 3669 1045 3736 Scioppius.
1081 3680 1160 3722 tran·
1212 3668 1215 3678 '

44 3741 100 3795 lotio
115 3749 144 3800 F.
179 3744 293 3799 tralatis
306 3743 382 3798 GHa.
419 3740 607 3794 translucido.
716 3737 919 3810 famigerabile]
937 3741 1075 3807 Perottus,
1093 3743 1161 3796 Sca-

45 3813 108 3882 liger,
124 3820 268 3890 Scioppius.
299 3810 420 3885 fumiger
433 3812 523 3882 fubile
540 3813 571 3864 F.
603 3809 726 3881 fumiger
739 3809 826 3860 babile
840 3810 962 3863 Giton·
1042 3814 1160 3880 Fatuae]

41 3884 114 3948 fatue
132 3892 206 3943 codd.
249 3887 317 3940 lllud
342 3885 486 3953 ponendum
512 3899 583 3948 esse,
611 3883 675 3933 vidit
699 3882 755 3933 cod.
774 3882 806 3933 B.
825 3883 943 3949 scriptor.
989 3883 1044 3936 Sed
1069 3885 1161 3937 dubito

45 3970 70 4005 an
85 3959 105 4008 is
118 3976 169 4013 non
185 3958 349 4013 intellexerit.
368 3958 401 4007 de
419 3956 508 4008 Fetuis
523 3955 602 4007 idest
616 3953 726 4005 fatidicis
745 3954 903 4020 antiquitatis
920 3955 1071 4008 mulieribus
1088 3957 1160 4023 loqui

45 4025 183 4084 Varronem.
220 4031 375 4100 Spengelius
392 4027 501 4080 Emend.
519 4043 544 4094 p.
555 4031 580 4078 7.
611 4023 751 4094 foterellus
777 4039 810 4076 ex
835 4026 927 4078 Servio
951 4027 985 4079 ed
1003 4029 1076 4094 Virg.
1094 4030 1160 4080 Aen.

46 4096 89 4164 Vl,
105 4108 162 4156 ets.
181 4101 374 4156 adsciscendum
393 4099 539 4151 arbitratur.
575 4097 629 4148 Sed
647 4111 680 4146 ne
698 4094 725 4146 id
740 4097 843 4162 quidem
862 4103 977 4162 constat,
994 4100 1161 4164 antiquumne

46 4167 74 4218 eit
84 4172 107 4222 id
124 4190 215 4226 nomen
231 4191 280 4227 nec
297 4187 346 4237 ue3
370 4177 441 4222 certe
454 4169 537 4222 Servii
553 4169 656 4228 codices
674 4165 798 4232 (quorum
815 4171 940 4221 lectiones
957 4171 1089 4223 annotavit
1101 4170 1159 4222 Alb.

45 4236 103 4294 Liou
120 4251 213 4311 p.403.
238 4246 271 4300 ci.
289 4246 321 4299 ad
340 4243 452 4308 vlutt.
472 4259 497 4309 p.
505 4240 582 4306 tto.)
601 4238 634 4292 ad
652 4238 786 4292 Fatuclus
804 4240 912 4307 digitum
929 4241 1062 4294 intendere
1080 4241 1160 4293 videri

45 4323 145 4372 possunt.
