2864 4814
447 221 484 320 5.
518 237 728 304 12-14·
768 179 775 210 ¹
1077 225 1157 302 125

143 411 251 480 Intus
269 432 392 505 paro,
432 432 543 497 coro,
577 413 659 480 virle
681 414 782 505 qood
805 437 897 507 opus
912 412 998 506 fiat.

31 533 85 604 Sic
117 530 208 602 dicta
244 530 521 625 veslispicn'
553 554 642 626 quae
670 539 799 624 vestem
832 535 1000 629 spiceret,
1034 531 1071 605 id
1103 505 1173 607 est*

32 633 153 705 videret
178 642 310 704 vestem
331 657 373 702 ec
398 641 573 727 tueretur3
609 657 716 730 quare
742 659 762 704 a
785 633 914 706 tuendo
939 646 973 710 et
995 636 1158 735 templa

32 748 59 804 ol
84 747 211 828 tesca
237 735 434 808 dictarum
461 733 659 806 discrimine
681 759 723 806 eo
745 735 840 833 quod
866 735 950 808 dixi.
1088 735 1154 811 15.

34 837 140 907 liliam
166 835 318 908 indidem
344 833 432 907 illud
456 837 572 908 Enni:
1129 863 1132 872 ·

133 961 329 1056 Extemplo
360 973 551 1053 occeptum
581 987 639 1032 me
669 974 800 1031 necato
832 976 867 1032 el
892 959 1028 1055 filium.
1089 989 1093 1004 ⁸
1166 993 1214 1063 em

32 1079 251 1178 Extemplo
277 1081 368 1152 enim
389 1091 442 1151 est
458 1083 635 1172 continuo,
662 1078 874 1178 quod'omne
893 1082 1060 1182 templum
1080 1109 1156 1156 esse

31 1178 121 1253 debet
147 1184 313 1256 continuo
336 1191 473 1278 septum
493 1207 558 1254 nec
578 1182 658 1280 plus
679 1209 789 1254 unum
814 1185 992 1259 introitum
1012 1183 1152 1258 habere.

124 1321 191 1396 Μ.
240 1321 348 1415 Quod
373 1335 425 1396 est
445 1321 539 1422 apud
564 1318 739 1426 Accium:

246 1448 420 1518 Peroade
440 1448 588 1541 polum,
621 1446 822 1542 splendido
847 1446 977 1515 mundi

247 1551 383 1634 Sidera
416 1547 513 1618 binis
547 1549 731 1618 continuis
760 1547 853 1617 sex*

247 1650 425 1722 Auditor
458 1649 627 1745 signis*.·

24 1749 153 1861 ‘polus
195 1765 370 1840 Graecum
383 1795 395 1860 3
437 1766 473 1837 id
513 1763 686 1865 signifieat
727 1768 857 1836 circum
892 1764 1002 1856 eueli3
1050 1786 1157 1862 quere

35 1869 114 1962 quod
147 1879 221 1940 est:
244 1869 430 1952 ‚Peroode
455 1871 602 1966 polum,
640 1865 752 1960 valet:
789 1865 877 1940 vade
912 1866 999 1970 περὶ
1029 1861 1218 1952 nillum

35 1969 164 2068 Signa
199 1963 363 2043 dicuntur
392 1969 511 2042 eadem
537 1979 573 2041 et
610 1967 787 2040 sidera:
829 1971 929 2068 signu
965 1966 1061 2068 qnod
1095 1967 1219 2042 ali-”⁸

36 2071 107 2164 qnid
129 2071 340 2170 significent,
369 2083 410 2144 ul
431 2071 519 2145 libra
542 2072 821 2167 aequinoctium
850 2070 963 2144 sidera
989 2097 1079 2170 quae
1102 2074 1156 2146 in·

37 2171 161 2266 sidunt,
190 2185 295 2272 alque
314 2177 395 2247 ilem
418 2171 615 2274 significant
633 2171 765 2270 aliquid
785 2175 822 2245 in
841 2174 941 2246 terris
961 2173 1157 2272 perurendo

35 2271 177 2369 aliudve,
207 2301 315 2374 quare
340 2288 398 2348 nt:
422 2281 596 2372 'Signum
630 2277 795 2346 condens
828 2278 866 2346 in
892 2301 1042 2372 pecore.

37 2504 104 2555 lorus
126 2509 209 2576 paro]
229 2507 270 2560 cf.
289 2507 467 2560 Trrnnmnum
487 2505 533 2570 lV,
555 2508 587 2570 2,
607 2507 682 2557 llo:
707 2513 740 2554 ιιι
758 2501 835 2554 intua
851 2519 918 2554 cura
936 2502 1009 2574 quod
1024 2521 1091 2573 apua
1107 2515 1159 2558 eat.
1250 2524 1253 2532 ’

38 2573 179 2632 dictamen
198 2582 271 2632 locus
288 2581 356 2632 inter
373 2579 519 2646 fragmenta
537 2575 686 2629 referendus
702 2574 811 2627 videtur.
924 2575 995 2644 fiat]
1015 2576 1090 2630 codd.
1126 2586 1160 2628 ur

33 2644 80 2708 fiat
95 2653 268 2704 necessarium
285 2651 395 2704 videtur.
432 2667 499 2719 opus
517 2658 558 2700 eat
576 2656 609 2698 ur
620 2648 680 2716 flat
698 2647 802 2716 scripsit
819 2647 980 2701 Vertranius.
1024 2665 1090 2716 opus
1108 2647 1161 2700 sier

36 2722 73 2767 aut
88 2719 157 2787 suot
175 2724 243 2775 coni.
254 2724 422 2790 Augustinus.
537 2719 705 2790 vestiamur]
724 2718 813 2770 Aldus.
848 2717 965 2771 vestiare
982 2718 1040 2772 FG.
1075 2719 1161 2771 vesti-

36 2804 73 2909 sep
88 2791 120 2843 H.
155 2794 273 2845 restinta
290 2811 313 2846 a.
349 2792 451 2846 vestita
468 2793 493 2845 b.
637 2801 665 2842 er
685 2789 786 2860 templa
803 2791 841 2857 et]
860 2789 923 2844 haee
941 2806 974 2844 ex
992 2791 1067 2844 bonis
1083 2791 1159 2844 codd.

36 2872 95 2913 sous
111 2879 161 2916 om.
180 2865 212 2917 F.

136 2967 1160 3050 mmmmmmmmammmmmmmmm-

39 3054 84 3103 lum
99 3055 224 3109 Columna
242 3071 284 3122 ap.
302 3055 405 3105 Hessel.
424 3071 449 3122 p.
462 3056 524 3105 234.
692 3052 841 3120 acceptum]
860 3059 997 3118 acceptam
1014 3052 1055 3102 vel
1074 3052 1160 3120 potius

39 3135 158 3191 arreptam
185 3128 283 3180 mavolt
308 3125 430 3190 Vossius,
465 3131 495 3177 ut
519 3125 571 3176 sint
593 3122 671 3174 verba
697 3120 890 3174 Andromachae
914 3121 947 3174 ad
974 3122 1093 3188 Ulixem,
1117 3138 1159 3192 ap.

40 3189 127 3252 Hessel.
146 3217 172 3268 p.
187 3202 250 3251 346.
365 3197 470 3262 necato]
490 3196 616 3262 Scaliger.
653 3203 752 3266 negato
770 3193 845 3246 codd.
932 3201 933 3206 ’

137 3312 188 3376 14.
215 3322 342 3389 Accium]
361 3323 448 3376 Bothe
466 3323 496 3376 Ρ.
516 3323 559 3374 sc.
579 3320 664 3384 cxv,
681 3319 703 3372 1.
722 3337 747 3386 p.
759 3321 820 3371 249.
996 3315 1076 3381 ainis]
1094 3318 1161 3369 conr.

42 3388 120 3447 Bolhe.
156 3396 226 3467 bigis
244 3395 318 3448 codd.
433 3391 568 3445 continuis
586 3389 657 3458 soff]
676 3392 802 3458 Scaliger.
838 3386 959 3450 continui
977 3387 1091 3454 (centini
1110 3389 1160 3454 G.)

42 3478 62 3507 re
77 3467 145 3522 codd.
169 3469 220 3522 nisi
239 3467 308 3534 quod
327 3467 351 3518 b.
378 3464 441 3518 haec
463 3465 549 3518 omnia
571 3464 609 3516 sic
626 3461 703 3516 habet
721 3463 890 3530 transposita:
917 3457 1051 3509 continuis
1068 3458 1162 3527 spoliis

42 3547 62 3578 ιθ
78 3538 149 3604 cepit.
260 3537 379 3590 Addua*
398 3537 506 3608 signia⁸J
525 3537 591 3588 coni.
627 3535 696 3602 cepit
714 3533 813 3604 (coepit
826 3532 864 3598 a)
880 3529 972 3598 spoliis
989 3529 1065 3582 codd.
1102 3529 1163 3598 apti

42 3601 111 3670 signis
134 3613 199 3664 coni.
224 3610 359 3675 Scaliger3
391 3627 408 3661 a
431 3625 483 3676 qno
510 3605 663 3676 hacpropter
688 3607 821 3658 discedere
844 3601 984 3666 debebam,
1015 3599 1085 3667 qnod
1108 3617 1161 3652 non

44 3679 152 3747 nundus,
179 3681 226 3734 sed
244 3680 344 3745 sidera,
368 3697 435 3748 quae
452 3679 508 3734 Soli
526 3681 567 3731 vel
589 3678 745 3732 Pharitlronti
769 3672 923 3746 permeanda
941 3678 1029 3736 erant,
1052 3672 1161 3756 Zodieci

43 3743 110 3808 signis
126 3761 186 3821 apta
203 3758 271 3806 suut.
401 3751 486 3816 valet]
505 3751 644 3804 Victorius.
680 3748 759 3802 valde
778 3746 852 3800 codd.
994 3746 1052 3812 περὶ
1069 3745 1160 3808 nolae]

44 3819 114 3870 cani'
134 3824 281 3893 peripolum
299 3823 349 3874 Ge.
389 3821 554 3891 periopolom
572 3821 606 3874 H.
650 3839 700 3889 per
722 3818 816 3889 polum
841 3817 872 3870 F.
891 3822 918 3869 et
934 3816 959 3868 b.
990 3821 1019 3867 ut
1044 3815 1160 3876 videtur,

45 3885 99 3940 sicut
114 3910 154 3960 vg.
191 3896 244 3948 Sed
263 3894 324 3962 quid
343 3893 369 3945 id
387 3892 611 3960 significaret-hoc
629 3892 709 3946 loco‘l
864 3887 934 3940 libra
952 3886 1160 3958 aequinoctium]

46 3955 148 4018 Carene
165 3962 312 4038 risoonypjj
326 3966 475 4035 interposita
493 3981 596 4018 sensum
610 3966 661 4017 loci
678 3963 796 4032 perimas.
911 3959 991 4030 quoe]
1003 3959 1028 4011 b.
1045 3964 1075 4010 ut
1087 3958 1160 4010 vide-

46 4031 92 4095 tur,
108 4037 171 4091 sient
187 4057 229 4104 vg.
267 4055 335 4110 qnae
352 4037 377 4088 ai
394 4043 455 4090 cett.
474 4037 549 4091 codd.
636 4035 729 4098 'itemJ
748 4032 848 4101 scripsi.
884 4029 925 4080 ita
944 4030 1019 4085 codd.
1113 4031 1158 4094 ut]

47 4102 109 4154 c0dd·
134 4119 160 4158 el
175 4127 216 4178 vg.
246 4110 314 4162 lllud
327 4109 448 4176 estquod
461 4125 528 4162 nuuc
542 4109 619 4174 volgo
633 4108 741 4160 dicitur:
759 4102 871 4172 exernplr'
883 4103 985 4172 gratio.
1052 4101 1159 4169 pecore]

47 4167 129 4248 FGob„
154 4191 257 4248 pertore
275 4181 310 4234 H.
330 4183 446 4233 Hectore
458 4197 509 4245 vg„
535 4181 604 4246 quod
618 4178 774 4247 Spengelius
789 4191 847 4230 cum
866 4174 1032 4250 sequentibus
1050 4174 1159 4225 coniun-

47 4255 98 4318 ⁸lere
113 4252 218 4306 volebat.
261 4253 325 4305 oliui
344 4255 446 4306 videtur
464 4253 536 4304 locus
553 4253 645 4304 ductus
664 4267 721 4304 esse
741 4267 756 4302 e
773 4251 866 4316 poete,
891 4249 934 4312 qui
953 4247 1090 4298 Caniculae
1108 4245 1159 4294 vim

47 4323 67 4360 ιιι
83 4332 168 4382 pecore
186 4325 344 4378 ostendebat.
381 4326 426 4379 Sic
444 4325 549 4378 Persius
567 4325 620 4389 ill,
640 4330 665 4376 5.
692 4321 783 4374 Siccae
801 4320 897 4374 insano
917 4317 1046 4372 Canicula
1065 4332 1159 4367 nreaaes
