2866 4812
457 265 798 386 §.m-m.¹
935 358 939 365 s
1099 261 1274 338 131-

50 479 111 526 non
145 445 298 550 possint,
335 453 434 548 sequi
467 449 552 522 non*
581 448 780 524 debeamus.
925 447 994 522 llll.
1033 438 1175 543 Qiraero

48 556 151 646 enim,
186 553 331 626 verbum
371 562 487 625 utrum
519 551 637 624 dicant
673 577 795 624 vocem
829 575 919 647 quae
951 577 995 624 ea
1027 552 1173 650 syllabis

49 655 207 748 conficta,
244 680 320 728 eam
350 679 454 752 quam
469 653 661 749 audimus,
701 680 749 724 an
780 651 876 752 quod
913 679 953 724 ea
986 653 1171 752 siguificat,

47 783 144 853 quam
175 757 430 857 intellegimus3
474 781 521 826 an
549 765 750 854 utrumque.
814 753 857 828 Si
887 780 956 829 vox
987 757 1068 828 voci
1097 781 1174 830 esse

48 857 142 934 debet
163 859 300 952 similis,
325 857 414 932 nihil
435 857 554 951 refert,
578 855 675 956 quod
691 853 867 955 significat
886 881 960 930 mas
982 881 1028 929 an
1046 857 1175 932 femina

46 962 106 1031 sit:
132 971 169 1034 et
193 971 311 1033 utrum
332 985 524 1034 nomenari
547 957 755 1033 venabulum
781 959 846 1050 sit,
875 957 969 1054 quod
991 958 1043 1031 illi
1067 961 1174 1032 inter·

46 1087 114 1135 esse
139 1062 274 1136 dicunt.
390 1057 457 1156 dl.
487 1061 562 1136 'Sin
586 1060 675 1134 illud
699 1059 794 1159 quod
819 1059 1047 1157 significatu,
1073 1059 1179 1136 debet

33 1188 114 1260 ,esse
130 1163 256 1257 simile,
279 1164 425 1248 Diona
451 1175 486 1235 et
508 1161 692 1237 Theona
719 1187 808 1260 quos
829 1160 950 1234 dicunt
966 1187 1045 1236 esse
1065 1187 1175 1260 paene

44 1265 106 1360 ipsi
138 1267 317 1366 geminos,
358 1265 581 1340 inveniuntur
603 1289 678 1338 esse
704 1262 910 1354 dissimiles,
939 1264 970 1336 si
994 1263 1082 1335 alter
1105 1265 1171 1336 erit
1184 1293 1236 1364 433

43 1392 145 1461 puer,
186 1366 273 1440 alter
304 1392 431 1459 senex,
474 1376 534 1439 aut
566 1393 658 1439 unus
692 1365 815 1459 albus,
853 1362 939 1462 alter
970 1361 1171 1462 Aethiops3

42 1470 118 1540 item
152 1468 270 1568 aliqua
302 1494 341 1542 re
373 1468 440 1540 alia
473 1467 654 1541 dissimile.
721 1468 788 1542 Sin
819 1491 863 1540 ex
894 1475 1173 1564 utraque-parte

42 1567 138 1644 debet
170 1569 316 1642 verbum
344 1597 420 1644 esse
447 1569 579 1664 simile,
614 1596 688 1644 nou
713 1570 782 1644 cito
808 1569 1002 1642 invenietur
1026 1570 1112 1665 quin
1136 1568 1172 1640 in
1185 1587 1236 1636 114

41 1669 246 1744 alterautra
271 1697 309 1746 re
333 1671 527 1766 claudicet3
555 1695 620 1745 nee
646 1673 882 1770 Perpenna
907 1680 942 1743 et
962 1666 1173 1767 Alphena

41 1773 100 1845 erit
124 1772 257 1846 simile:
287 1773 381 1871 quod
406 1773 551 1846 alterum
572 1799 699 1852 nomeu
720 1776 855 1862 virum,
883 1769 1029 1844 alterum
1051 1769 1172 1844 mulie·

40 1899 108 1944 rem
145 1873 331 1974 significat.
390 1873 524 1966 Quare
557 1877 742 1973 quoniam,
781 1873 842 1948 ubi
875 1872 1063 1947 similitudo
1095 1899 1173 1946 esse

41 1973 173 2067 debeat,
202 1989 379 2074 nequeunt
402 1975 603 2070 ostendere,
629 1976 847 2074 impudentes
869 1985 953 2048 sunt
969 1976 1030 2072 qui
1053 1973 1173 2047 dicunt

40 2083 109 2149 'esse
142 2075 331 2177 analogias.
524 2075 593 2151 42.
638 2075 803 2152 Alterum
832 2075 920 2150 illud
950 2075 1046 2175 quod
1080 2071 1233 2172 «iiim

40 2179 326 2274 quemadmodum
353 2179 465 2252 simile
490 2181 638 2278 spectari
663 2189 856 2278 oporteret,
882 2180 1043 2278 ignerare
1064 2203 1170 2276 appa·

41 2290 89 2384 pet
114 2307 159 2352 ex
185 2308 306 2355 eorum
330 2293 537 2383 praecepto,
573 2281 669 2379 quod
694 2275 838 2373 dicunt,
867 2306 973 2378 quom
998 2281 1173 2352 transierit

41 2407 57 2450 e
89 2383 291 2456 nominandi
327 2382 464 2455 ensibus
499 2383 536 2454 in
570 2409 630 2456 eos
670 2409 759 2481 quos
795 2380 972 2480 appellant
1008 2379 1169 2474 vocandi,

42 2493 109 2554 tum
132 2483 283 2582 denique
301 2489 409 2584 'post
430 2483 501 2557 dici
518 2496 632 2557 rectos
654 2509 729 2557 esse
749 2483 872 2557 similis
892 2493 951 2554 aut
972 2481 1171 2577 dissimilis,

349 2608 369 2646 0

15 2745 17 2754 ,
43 2709 167 2774 utrosque
185 2702 214 2756 in
231 2673 340 2757 vecibus
357 2713 490 2776 oportere,
514 2711 540 2759 et
559 2720 616 2758 ann.
636 2705 668 2758 ad
687 2704 739 2770 IX,
759 2707 783 2758 4.
926 2703 1002 2772 non']
1019 2702 1173 2756 addiderunt

42 2771 203 2841 ternarias,
220 2777 366 2846 Scioppius.
390 2781 453 2830 om.
472 2777 548 2829 codd.

146 2879 200 2946 40.
223 2893 351 2962 conficta]
368 2893 446 2950 GHe.
482 2875 523 2944 ecl
536 2893 609 2960 ficta
624 2891 654 2946 1⁴¹.
673 2896 702 2945 ut
719 2907 762 2959 vg.
791 2948 795 2952 ,
877 2892 922 2960 ea]
941 2894 1016 2948 codd.
1053 2908 1112 2944 eam
1130 2909 1171 2958 vg.

41 2964 103 3018 illud
122 2969 225 3020 restitui
243 2968 405 3032 intelligens,
428 2965 535 3016 verbum
553 2964 577 3016 h.
596 2967 613 3015 i.
632 2964 682 3016 dici
707 2971 752 3016 aut
777 2964 859 3031 ipsam
876 2980 967 3018 vocem
985 2967 1040 3017 siue
1059 2965 1175 3028 syliaba-

41 3052 91 3090 rum
108 3055 218 3104 sonum‚
243 3044 290 3090 sat
307 3036 420 3104 idquod
444 3053 484 3088 aa
507 3052 571 3089 vox
595 3036 739 3102 significet,
764 3036 787 3086 si
805 3050 863 3088 eam
879 3044 968 3088 mente
985 3035 1129 3102 excipimus
1147 3041 1174 3086 et

41 3110 284 3179 comprehendimus.
313 3107 355 3163 Gi.
373 3123 440 3175 quae
458 3113 595 3160 secuntur:
700 3102 755 3168 illi]
773 3121 815 3174 vg.
851 3103 898 3155 ille
917 3107 995 3159 GHa.
1030 3103 1095 3156 illae
1113 3107 1149 3159 G.

148 3227 202 3292 41.
223 3239 313 3293 Βὶόηα
331 3249 359 3290 et
379 3237 498 3304 Theona]
513 3240 548 3292 G.
584 3237 668 3288 deone
685 3246 713 3288 et
731 3235 848 3288 atheono
866 3221 1023 3294 cencede.
1058 3241 1107 3293 llla
1125 3256 1173 3292 no-

41 3312 103 3365 mina
126 3331 144 3366 a
170 3312 328 3382 philosophis
356 3325 435 3380 saepe
461 3327 509 3378 pro
533 3308 677 3362 hominibus
707 3309 841 3375 quibusvis
868 3313 953 3379 posita
978 3327 1036 3364 esse
1064 3317 1172 3364 constat.

41 3385 207 3438 Accusativus
225 3400 300 3438 casus
318 3381 486 3451 explicandus
504 3381 664 3434 attractionis
683 3381 779 3433 eodem
792 3379 847 3436 lere
865 3397 976 3449 genere,
995 3380 1064 3450 quod
1082 3381 1173 3434 obser-

41 3457 151 3510 vavimus
169 3450 247 3521 viil,
264 3459 309 3508 21.
422 3451 513 3520 albus]
534 3451 631 3507 Gallus
648 3454 715 3506 coni.
734 3454 909 3520 Augustinus,
933 3460 1040 3522 propter
1056 3452 1110 3518 lX,
1129 3456 1172 3506 42.

42 3541 88 3590 quo
106 3530 166 3581 loeo
184 3526 248 3580 baec
267 3527 383 3580 redeunt.
429 3523 494 3577 Mihi
517 3524 604 3593 potius
628 3521 670 3577 bie
694 3523 800 3578 interior
826 3526 899 3577 locus
923 3524 1092 3590 corrigendus
1116 3539 1175 3576 esse

42 3597 180 3653 videbatur.
206 3597 248 3650 Cl.
264 3598 350 3650 luten
362 3595 396 3662 ll,
407 3599 453 3650 23.
471 3593 628 3665 Loripedem
644 3605 734 3646 rectus
752 3593 890 3661 derideat,
907 3595 1067 3662 Aethiopem
1084 3591 1173 3646 albus.

42 3667 102 3721 Post
120 3669 145 3725 h.
164 3687 189 3723 v.
215 3671 242 3722 in
259 3670 291 3722 F.
317 3674 357 3720 est
374 3676 417 3733 et,
444 3666 514 3734 qnod
532 3673 594 3720 cett.
617 3667 694 3722 codd.
718 3683 771 3722 om.
834 3709 836 3714 .
939 3665 1078 3730 desirate]
1096 3665 1173 3718 codd.

42 3737 179 3793 dissimiles
193 3758 236 3808 vg.
272 3739 342 3805 Sed,
361 3754 505 3806 quanquam
523 3755 537 3791 s
556 3739 672 3804 literam,
693 3755 760 3806 qnae
777 3743 885 3806 propter
902 3753 1015 3804 sequens
1032 3737 1080 3788 Sin
1097 3737 1175 3790 facile

42 3812 161 3866 excidere
179 3817 298 3882 poterat,
323 3810 436 3863 adiicere
455 3811 569 3878 proclive
587 3817 641 3863 est:
663 3810 727 3863 illud
745 3815 831 3862 tamen
850 3809 961 3874 retinui,
985 3825 1044 3862 cum
1062 3809 1175 3876 scriptor

43 3880 123 3934 simile
141 3900 221 3952 saepe
240 3883 402 3952 usurpaverit
419 3886 540 3948 tauquam
558 3882 746 3949 substantivum
765 3879 798 3932 de
815 3881 960 3948 quibusque
977 3882 1046 3934 iuter
1059 3896 1089 3934 se
1102 3880 1174 3932 simi-

43 3951 105 4005 libus
122 3956 209 4008 rebus.
253 3956 298 4008 Sic
316 3955 400 4006 Varro
417 3953 457 4019 X,
476 3958 502 4004 6.
528 3962 618 4022 potest
637 3951 704 4019 fieri
727 3959 759 4002 ut
777 3950 970 4004 bonohomini
988 3950 1073 4004 simile
1091 3951 1175 4002 uitet

42 4039 90 4074 noa
108 4025 154 4078 sit.
196 4025 232 4078 Et
249 4041 274 4080 v.
291 4025 369 4090 Vlll,
389 4027 434 4077 50.
460 4023 501 4089 Χ,
518 4027 545 4076 3.
563 4027 607 4076 38.
625 4027 671 4076 bl.
695 4024 804 4091 aliisque
828 4025 902 4078 locis.
1033 4021 1173 4092 Alpheus]

43 4108 81 4159 vg.
112 4095 208 4168 alsam
221 4097 252 4153 Ε.
288 4095 412 4166 alpboem
425 4095 460 4148 G.
496 4093 615 4163 olplraen
627 4093 662 4147 H.
698 4095 739 4148 Do
753 4110 776 4148 a.
795 4093 856 4148 nibil
875 4093 993 4152 traditur.
1019 4093 1174 4159 cimel.

153 4203 207 4271 42.
241 4217 371 4291 spectari]
396 4221 464 4274 coni.
490 4218 623 4274 Victorius
644 4224 672 4272 et
696 4218 866 4286 Augustinus.
921 4219 1071 4288 θηρευτική
1096 4219 1173 4273 codd.

40 4289 350 4362 praeceptatlristsrctu
367 4291 395 4345 id
412 4291 507 4356 luisse,
525 4293 744 4357 cognoscituros
762 4289 815 4355 IX,
834 4294 877 4343 4³.
991 4309 1057 4344 aum
1075 4289 1173 4343 disere.

44 4363 119 4430 pent]
137 4365 204 4418 coni.
223 4363 391 4433 Augustinus.
414 4379 499 4417 -nune
515 4361 650 4433 discrepat
668 4363 743 4426 codd.
