2866 4812
205 271 211 276 .
262 203 345 279 170
649 231 774 276 ursan
812 229 1021 277 ocrsvus.

206 429 255 472 sos
268 393 493 484 nonnosus,
529 416 569 464 ee
594 389 662 462 est*
690 415 795 488 quem
816 389 965 465 ostendi.
1020 389 1209 488 Sequitur,
1248 392 1285 460 iu
1309 413 1401 486 quae

211 488 437 570 *voluerint
461 493 627 566 declinari
649 505 711 565 aut
733 494 932 586 uolueriat9'
961 507 1000 567 ut
1024 494 1212 593 generatim
1238 515 1280 562 ac
1305 517 1400 562 sum·

265 597 403 689 metim,
442 598 523 668 item
551 594 748 668 informis.
812 597 896 669 Duo
920 597 1012 668 enim
1038 617 1165 694 genera
1190 592 1398 667 verborum:

265 727 374 778 unum
404 696 615 789 fecundum,
656 696 752 794 quod
786 695 991 771 declinando
1006 785 1007 790 Ἰ
1020 697 1147 770 mulus
1174 721 1219 768 ex
1246 698 1403 792 separii

265 800 439 899 disparilis
470 799 619 890 formes,
657 809 700 888 ut
728 809 782 871 est
811 799 1107 900 legoslegis,
1147 797 1313 898 legam,
1353 798 1402 868 sie

108 973 110 980 ,
221 934 225 954 .
266 901 354 974 alias
387 901 531 973 alterum
548 923 665 1000 genus
692 898 826 994 sterile,
861 900 957 998 quod
982 926 1026 974 ex:
1046 925 1083 976 se
1104 902 1193 998 perit
1216 897 1330 991 nihil,
1366 911 1402 968 ut

265 1013 319 1076 est
351 1004 506 1094 etiam,
548 1003 644 1093 vix,
686 1026 805 1096 eras„
844 999 1011 1101 magis,
1047 1027 1173 1099 quor.
1335 997 1399 1070 10.

267 1104 425 1197 Quarum
455 1129 572 1175 reram
602 1128 687 1175 tuus
710 1114 784 1177 erat
821 1104 986 1202 simplex,
1022 1103 1183 1200 simplex*
1215 1101 1265 1174 ibi
1296 1104 1402 1173 etiem

202 1239 205 1244 ·
265 1203 428 1278 vocabuli
452 1203 668 1296 declinatus,
694 1219 735 1279 ut
758 1207 795 1277 in
820 1231 889 1303 qua
913 1205 1016 1280 domo
1041 1229 1303 1293 connectens,
1334 1229 1402 1274 uno

206 1339 255 1382 sss
266 1307 383 1380 servili
406 1317 517 1404 opust
549 1308 726 1400 nomines
750 1309 788 1378 in
810 1331 879 1404 qua
903 1308 1025 1401 multi,
1061 1304 1233 1404 pluribus.
1287 1305 1403 1404 Igitur

208 1400 306 1482 mcci
333 1411 369 1480 in
400 1405 612 1500 his···ncbus,
650 1403 739 1504 q'oae
766 1407 889 1480 verba*
915 1419 999 1481 sunt
1026 1409 1075 1481 et*
1109 1409 1267 1498 nomina,
1307 1407 1401 1504 quod

266 1511 465 1582 discrimine
496 1511 593 1582 vocis
627 1509 752 1607 plura,
788 1512 999 1610 propagines
1029 1509 1167 1608 plurcs3
1185 1506 1189 1514 ”
1210 1521 1246 1581 ct
1276 1510 1315 1580 in
1350 1505 1428 1579 his}

264 1610 390 1703 rebus,
425 1636 515 1708 quae
541 1611 686 1708 copulae
708 1624 791 1684 suot
814 1614 1025 1710 seiungunt
1049 1609 1178 1703 verbe,
1212 1610 1311 1708 quod
1333 1637 1401 1682 noo

263 1739 352 1809 opus
384 1711 451 1785 fuit
478 1709 648 1782 declinari
682 1715 720 1783 in
751 1714 877 1810 plura,
903 1711 990 1787 sere
1023 1712 1159 1812 siopula
1190 1722 1291 1785 suntz
1333 1739 1402 1784 uno

263 1815 357 1886 enim
388 1810 464 1886 loro
497 1811 639 1911 alligare
671 1816 785 1910 possis
804 1814 870 1886 ¹uel
899 1814 1074 1888 hominem
1106 1813 1162 1884 vel
1191 1837 1321 1910 equom
1349 1815 1401 1888 vel

263 1914 358 1990 aliud
392 1914 508 2012 quod,
548 1914 717 2010 quicquid
740 1926 793 1988 est
818 1915 927 2012 qu'otl¹
946 1941 1027 1987 cum
1053 1915 1160 1988 aliero
1187 1926 1302 2012 potest
1329 1915 1400 1986 alli·

266 2018 354 2114 geri.
409 2017 471 2089 sio
493 2014 588 2112 quod
616 2015 762 2088 dicimus
785 2018 822 2088 in
842 2016 1037 2114 loquendo,
1069 2016 1203 2088 Consul
1223 2017 1290 2090 fuit
1314 2017 1400 2089 Tul-

266 2119 334 2188 lius
360 2127 394 2188 et
416 2113 592 2190 Antonius
601 2145 615 2206 t¹
651 2117 772 2191 eodem
797 2119 860 2191 illo
890 2129 935 2190 et
964 2119 1075 2192 omnis
1107 2116 1206 2191 binos
1238 2119 1398 2191 consules
1428 2107 1429 2162 i

209 2218 431 2325 ff-oqcolliffnre
452 2243 655 2317 possumus,
688 2220 746 2292 vel
771 2219 885 2294 diosna
909 2220 1077 2320 amplius,
1106 2223 1220 2294 omnia
1245 2223 1398 2313 nomine,

267 2468 343 2504 voces
369 2469 437 2523 quae
462 2450 625 2506 descendunt
648 2457 756 2508 o'recto
779 2473 878 2508 caussa
900 2463 957 2523 est,
985 2473 1047 2513 cur,
1070 2471 1137 2523 quae
1163 2455 1197 2507 ad
1220 2471 1325 2510 sensnm
1349 2471 1400 2508 non

267 2525 353 2584 solum
370 2540 562 2592 supervacanea
579 2533 651 2592 suot,
670 2528 717 2592 sed
736 2543 795 2580 eum
812 2529 889 2583 etiam
908 2527 1082 2596 pessumdant.
1118 2529 1237 2595 Scriptor
1254 2531 1322 2580 enim
1340 2529 1401 2580 nihil

266 2591 335 2659 isit,
359 2595 407 2646 nisi
425 2602 455 2647 ut
478 2611 507 2647 se
525 2597 713 2650 demonstrasse
731 2599 814 2666 dicet,
842 2615 902 2652 cur
919 2600 1069 2653 declinetur.
1092 2587 1129 2652 Ἴ.
1148 2601 1172 2662 §.
1186 2603 1213 2652 2.
1255 2600 1323 2651 Boni
1341 2601 1400 2652 libri
1429 2627 1430 2652 r

268 2663 368 2716 addunt
384 2683 431 2715 eos
451 2665 524 2732 (eom
542 2668 625 2734 Ga),
648 2670 717 2734 quod
737 2671 813 2722 etiam
833 2670 969 2722 delendum
987 2675 1056 2735 erat,
1084 2671 1126 2722 vel
1144 2671 1230 2737 potius
1247 2671 1399 2722 mutandum

265 2737 294 2791 in
308 2753 341 2784 eo
355 2737 409 2786 est*
427 2743 455 2788 et
472 2739 687 2806 transponendum
706 2748 770 2810 post
783 2757 808 2794 v.
822 2739 997 2797 declinarint,
1013 2742 1083 2794 sient
1099 2741 1160 2793 leci·
1271 2742 1301 2792 in
1320 2744 1401 2812 quoe]

266 2807 334 2860 coni.
353 2807 452 2882 scripsi.
496 2808 526 2858 in
544 2827 613 2879 quos
630 2812 705 2866 codd.
746 2812 776 2862 in
794 2811 869 2883 queis
886 2829 928 2880 ug.
971 2811 1048 2878 inde,
1066 2829 1135 2883 quos
1153 2813 1324 2881 Spengelius‚
1350 2830 1401 2866 uon

265 2881 355 2932 recte:
373 2893 444 2944 nam,
463 2895 515 2946 quo
531 2879 681 2949 declinetur,
700 2881 727 2934 id
745 2889 786 2938 est
802 2883 910 2953 inques
928 2883 1066 2936 formarum
1084 2899 1189 2950 genera,
1207 2900 1275 2937 nnnc
1293 2885 1401 2938 demon-

264 2954 394 3006 straturus
419 2956 460 3002 est
484 2952 604 3022 scriptor.
631 2954 672 3007 Οἱ.
690 2957 754 3020 §.2
917 2955 1078 3027 florendum]
1096 2971 1120 3008 a.
1147 2955 1308 3020 studetur,
1334 2958 1401 3010 sicut

264 3019 461 3075 Rholaudellus.
501 3023 653 3094 ferundum
672 3032 733 3079 cett.
749 3024 825 3080 codd.
981 3025 1059 3099 legis]
1076 3025 1130 3098 legi
1147 3029 1271 3094 Spengel.
1289 3027 1399 3081 Emeud.

264 3109 294 3160 p.
308 3095 351 3144 la.
395 3093 503 3147 Retiuui
526 3095 591 3149 illud
617 3105 648 3151 ut
671 3113 723 3150 uon
746 3099 830 3151 minos
856 3103 945 3167 aptum
971 3097 1130 3152 attentasse
1155 3099 1233 3152 etiam
1256 3101 1345 3169 aptius
1370 3101 1402 3154 ad

211 3237 220 3260 ·
265 3162 394 3216 Varronis
410 3173 529 3220 mentem.
644 3169 720 3241 quor]
740 3187 811 3240 quur
828 3184 852 3222 a.
880 3187 929 3220 our
946 3174 1009 3222 cett.

383 3275 433 3340 10.
461 3283 596 3354 simplsx']
614 3283 713 3337 addidit
730 3279 878 3353 Scioppius.
922 3300 973 3338 om.
993 3283 1070 3338 cedd.
1201 3281 1295 3338 servili
1311 3287 1401 3355 opust]

196 3363 198 3374 ⁴
266 3363 367 3432 scripsi.
415 3355 522 3414 servilio
542 3365 607 3424 post
629 3356 705 3409 codd.
752 3355 837 3407 solum
861 3365 941 3423 opust
965 3357 1111 3424 Scioppius.
1160 3356 1253 3408 servili
1277 3372 1344 3425 opus
1361 3367 1401 3408 est

265 3433 432 3505 Spengelius.
469 3428 524 3482 Sed
542 3443 575 3479 ex
594 3427 669 3480 codd.
692 3426 803 3480 lectione
822 3427 981 3494 intelligitm‚
1000 3427 1142 3480 Varronem
1160 3438 1239 3496 opust
1257 3430 1399 3497 scripsisse,

266 3507 389 3574 exemplo
406 3502 577 3556 Comicorum.
613 3499 700 3566 Atque
718 3501 830 3564 uotnm‚'
846 3497 897 3550 hoc
914 3499 1028 3551 elisIonis
1046 3513 1129 3566 genus
1146 3500 1173 3550 io
1191 3501 1302 3566 antiquis
1321 3501 1400 3552 titulis

255 3570 295 3631 'et
312 3577 446 3630 Ciceronis
470 3587 574 3640 quoque
598 3572 702 3638 optimis
726 3571 804 3642 libris
825 3569 941 3624 inveniri.
978 3571 1115 3624 Diversum
1131 3570 1158 3624 id
1177 3577 1218 3624 est
1234 3572 1267 3624 ab
1290 3573 1336 3624 illo
1354 3588 1399 3638 ge-

207 3707 209 3712 .
262 3664 329 3702 uere
355 3645 494 3700 bonom’sr
518 3650 546 3696 et
570 3640 743 3707 cossiaeos,
767 3647 796 3693 et
812 3641 1013 3709 comparandum
1031 3643 1117 3711 potius
1134 3655 1193 3696 curn
1209 3659 1358 3710 erepssoms
1375 3651 1400 3695 et

265 3719 405 3772 discessero
424 3717 524 3774 etaliis
548 3721 655 3782 propter
677 3713 766 3779 fugam
788 3712 857 3764 sibili
881 3715 966 3768 iterati
991 3715 1017 3767 in
1040 3713 1170 3768 hominum
1193 3729 1339 3768 sermonem
1361 3714 1400 3766 in-

191 3843 197 3850 ,
266 3791 357 3842 vestis.
507 3786 573 3858 quo]
592 3801 646 3852 vg..
672 3801 753 3855 quom
771 3783 864 3849 codd,
888 3785 935 3838 sed
953 3784 986 3838 de
1003 3801 1026 3838 e.
1052 3786 1085 3840 ad
1104 3804 1129 3854 p.
1142 3789 1203 3838 399.
1222 3787 1322 3853 speng.
1341 3785 1399 3838 oilrit

265 3861 376 3916 relatum
394 3865 442 3914 est.
556 3873 625 3928 quoe
642 3853 746 3923 verbm]
765 3857 831 3908 coiri.
868 3873 979 3926 quorum
997 3857 1074 3912 codd.
1110 3873 1224 3928 quarum
1238 3858 1399 3918 ‚Verttsnius

266 3948 336 4002 quos
354 3929 510 3998 Spengelius
528 3926 637 3984 Emend.
657 3930 738 3995 p.12.
775 3927 830 3979 Sed
847 3925 929 3978 verba
950 3929 1035 3982 omitti
1056 3929 1100 3980 vix
1118 3929 1233 3994 pondisse
1249 3935 1399 3991 monstrant,

267 4019 335 4068 quas
352 4002 417 4055 inira
436 4000 527 4053 eedem
545 4002 570 4064 s.
588 4001 717 4065 leguntur.
845 3995 899 4062 σι’]
917 3999 1063 4054 addendum
1079 4007 1137 4052 erat
1153 4001 1245 4054 eadem
1263 4001 1296 4053 ds
1314 4015 1397 4054 mosa.

175 4121 177 4127 ,
265 4073 396 4144 iungunt]
410 4073 476 4125 coni.
489 4071 587 4139 scripsi.
623 4070 777 4156 iunguntur
793 4069 823 4120 1⁴⁸.
861 4069 1061 4141 coniunguntur
1078 4070 1141 4124 GH.
1174 4071 1232 4122 lueis
1247 4071 1399 4141 iunguntur

194 4165 197 4172 ·
266 4159 310 4209 vg.
385 4145 450 4198 Post
468 4141 492 4194 n.
505 4157 529 4196 v.
547 4142 639 4195 sustuli
657 4135 834 4210 υποστιγμὴν,
859 4155 918 4193 eom
931 4139 995 4213 fers
1013 4141 1122 4213 singola
1140 4151 1206 4194 suns
1223 4143 1279 4195 sine
1297 4141 1400 4195 delinito

266 4214 383 4266 subiecto
402 4214 452 4266 dici
477 4228 554 4280 posse
571 4213 709 4266 videretur.
849 4212 1047 4284 colligerem.
1084 4211 1207 4286 colligere
1225 4214 1300 4267 codd.
1339 4213 1398 4264 olli-

265 4302 331 4354 gars
349 4285 415 4338 coni.
428 4285 584 4353 Spengelius
597 4285 614 4338 l.
625 4286 641 4337 l.
660 4289 767 4352 psopter
779 4285 908 4349 Varronis,
919 4287 946 4338 in
964 4285 1146 4351 vocabulorum
1165 4285 1267 4342 delecto
1279 4292 1397 4340 consun-
