2866 4812
254 211 376 312 222¹
665 221 784 302 creon
820 253 967 302 sorus.

254 419 402 513 bebere,
430 429 469 492 ut
493 418 529 490 iu
547 415 623 493 boc
646 415 899 516 Diespiter,
936 415 1141 513 Diespitri,¹
1160 413 1395 512 Diespitrem,

256 523 506 621 diespiter,
540 519 724 617 Maspitri,
752 519 971 618 Maspitrcm.
1111 513 1179 588 76.
1216 515 1282 588 Ad
1310 515 1399 589 haec

201 624 452 724 smrespondeo
476 633 512 696 et
535 621 651 720 priora
669 619 800 695 babere
819 618 1019 695 nominandi
1039 629 1075 692 et
1094 618 1399 717 posterioraobli·

256 753 362 828 quos.
413 727 506 798 Nem
530 734 569 795 et
589 722 683 822 frugi
707 735 825 796 rectus
846 733 900 796 est
920 733 1044 795 nutura
1067 719 1170 814 frux,
1207 731 1243 793 et
1266 745 1399 793 secun-

255 830 341 904 dum
373 824 659 900 consuetudinem
687 823 834 898 dicimus
867 838 908 899 ut
936 823 1023 897 baec
1054 824 1149 915 evis,
1172 820 1269 900 ,baec
1306 825 1396 915 ovis,

150 970 158 977 ·
257 932 310 1004 sic
333 929 422 1002 buec
445 928 573 1027 frugis.
605 923 690 1000 'Sic
714 927 906 1001 secundum
930 937 1089 1002 naturam
1114 920 1322 999 nominandi
1349 936 1400 997 est

257 1025 361 1106 cesos
381 1029 475 1122 cols,
503 1028 695 1102 seeundum
720 1027 1004 1104 consuetudinem
1023 1027 1131 1120 colis,
1160 1051 1240 1099 eum
1260 1039 1399 1099 utrum-
1425 1121 1426 1128 ἵ

256 1159 325 1233 que
351 1132 533 1206 conveniet
554 1130 599 1203 ed
623 1130 839 1232 analogiam,
877 1131 972 1230 quod
996 1143 1031 1204 et
1057 1128 1095 1201 id
1119 1128 1215 1227 quod
1243 1130 1284 1200 in
1316 1154 1398 1202 con·
1425 1179 1426 1184 κ

257 1235 440 1308 suetudine
471 1245 642 1326 nonest,
676 1233 872 1308 cuiusmodi
903 1233 1027 1307 debeat
1058 1255 1134 1304 csse
1163 1241 1329 1330 apparet,
1367 1241 1399 1302 et

258 1337 354 1435 quod
383 1348 438 1410 est
469 1337 507 1407 in
533 1335 782 1410 consuetudine
810 1360 905 1410 nuuc
935 1337 974 1407 iu
1003 1344 1102 1407 recte
1135 1357 1240 1424 casu,
1277 1332 1426 1418 eedem

258 1451 313 1512 cst
344 1438 503 1538 analogia
536 1461 579 1509 ec
615 1436 802 1537 pleraque,
844 1461 935 1537 quse
972 1462 1016 1508 ex
1055 1433 1277 1507 multitudine
1318 1460 1426 1524 eum,

258 1551 440 1622 transeunt
468 1541 506 1611 in
534 1538 732 1638 singulare,
766 1538 953 1613 difficulter
984 1539 1174 1612 elleruntur
1197 1562 1271 1610 ore.
1336 1537 1400 1610 Sic
1425 1531 1426 1554 ³

260 1667 341 1714 cum
371 1641 574 1714 transiretur
603 1668 648 1714 ex
680 1667 722 1716 eo
751 1641 848 1739 quod
875 1639 1058 1714 dicebatur
1090 1636 1157 1711 bue
1185 1663 1292 1731 oves,
1329 1664 1401 1711 une

259 1749 410 1817 nonest
432 1741 525 1814 dicte
548 1742 642 1833 ous*‚
668 1742 732 1816 scd
751 1743 907 1816 additum
931 1743 953 1814 l
973 1767 1016 1815 ac
1040 1741 1170 1814 fuctum
1196 1738 1400 1839 ambiguum

198 1842 428 1941 werhem,
460 1841 663 1922 nominandi
687 1867 733 1915 en
761 1845 888 1940 patrici
918 1856 1013 1936 esset
1041 1868 1162 1935 cesus,
1195 1853 1236 1916 ut
1261 1844 1343 1915 ovis
1369 1854 1401 1916 et

167 1947 348 2041 ¹(mavis.
465 1941 533 2016 77.
572 1943 637 2017 Sic
667 1945 706 2018 in
736 1943 889 2044 obliquis
919 1944 1058 2018 casibus
1084 1970 1148 2017 cur
1171 1955 1302 2044 negent
1325 1970 1399 2018 esse

102 2059 107 2071 '
201 2046 450 2146 147Diespitri,
481 2046 716 2144 Diespitrem,
751 2072 823 2122 nou
847 2045 971 2139 video,
998 2047 1066 2120 nisi
1090 2043 1325 2144 quodminus
1351 2058 1399 2118 esi

260 2152 381 2222 tritum
412 2150 451 2220 in
485 2148 756 2242 consuetudine,
798 2173 903 2246 quam
937 2149 1134 2247 Diespiter:
1174 2147 1269 2247 qood
1300 2147 1397 2220 nihili

261 2261 502 2350 argumentum
527 2259 602 2346 est,
641 2275 723 2321 nam
756 2261 827 2323 tam
860 2276 985 2345 cesus,
1022 2251 1085 2348 qui
1108 2276 1181 2324 non
1205 2252 1307 2323 tritus
1334 2260 1396 2342 est,

261 2379 366 2451 quum
392 2353 454 2450 qui
477 2363 542 2426 est.
594 2350 669 2424 Sed
694 2361 769 2426 esto
795 2354 833 2425 in
857 2377 1001 2426 ossuum
1027 2352 1116 2426 serie
1137 2351 1206 2424 alia
1229 2349 1398 2426 vocabula

260 2481 332 2530 non
356 2451 485 2546 bebere
510 2453 733 2548 nominandi,
770 2453 837 2527 eliu
863 2455 907 2528 de
929 2452 1080 2554 obliquis
1104 2452 1275 2552 aliquem:
1313 2452 1399 2526 nibil

262 2557 355 2636 enim
378 2556 478 2652 ideo,
504 2581 575 2652 quo
600 2557 716 2627 minus
741 2556 806 2630 siet
830 2558 940 2649 ratio,
968 2553 1156 2654 percellere
1179 2557 1307 2654 poterit
1331 2555 1398 2628 boc

203 2659 408 2754 fflcrimen.
529 2653 596 2727 78.
632 2657 725 2730 Nam
749 2668 789 2731 ut
813 2659 914 2758 signa
937 2683 1028 2756 quae
1051 2682 1123 2730 non
1145 2655 1277 2734 hubent
1298 2668 1399 2757 ceput

259 2894 377 2962 ineptum
396 2896 445 2946 cst.
595 2889 741 2960 Maspirer]
759 2891 836 2945 codd.
879 2891 1030 2962 Marspiter
1046 2910 1090 2961 vg.
1120 2899 1148 2947 et
1165 2895 1203 2948 sic
1220 2893 1324 2948 deiude.
1361 2893 1399 2946 Cf.

261 2981 322 3018 ann.
341 2964 374 3018 ed
392 2962 466 3028 vlu,
482 2964 526 3016 49.
641 2964 765 3017 Fortasse
782 2969 843 3018 ente
860 2963 997 3034 Diespitri
1013 2971 1041 3018 et
1057 2964 1193 3035 Maspitri
1209 2966 1323 3033 negandi
1343 2981 1400 3034 per·

258 3035 476 3163 ffilffiffifm
492 3041 542 3090 est.
578 3036 629 3104 Vq.
656 3033 805 3106 Diespitri,
836 3035 1002 3106 Diespitrem
1024 3042 1053 3090 et
1072 3036 1219 3108 Maspitri,
1241 3037 1400 3108 Maspitrrm

373 3197 429 3263 76.
453 3209 518 3279 coir]
537 3210 604 3266 coni.
641 3209 695 3264 reis
712 3211 798 3268 FGH.
814 3275 817 3280 Ι
832 3211 897 3266 rotis
912 3229 937 3269 s.
1051 3213 1128 3281 colis]
1144 3215 1210 3270 coni.
1247 3213 1313 3267 ruiis
1330 3216 1399 3269 FGu.

258 3283 332 3356 yolis
348 3283 384 3338 Η.
531 3283 575 3350 cc]
593 3281 669 3335 codd.
706 3284 745 3335 od
759 3301 803 3352 vg.
838 3285 909 3338 Dicit
928 3282 992 3336 colis
1009 3300 1066 3338 esse
1085 3287 1176 3340 eedem
1194 3288 1329 3353 analogia,
1353 3305 1398 3354 qus

262 3358 344 3410 mults
360 3355 430 3420 sint,
453 3367 521 3421 quse
539 3355 702 3426 pronunciari
725 3363 855 3426 nequeant
871 3356 921 3410 nisi
939 3357 1054 3410 vocalem
1070 3358 1081 3410 i
1097 3359 1166 3411 inter
1183 3364 1327 3411 extremam
1345 3361 1398 3411 lite

261 3443 348 3492 rems
366 3434 392 3480 et
409 3425 609 3496 praecedentem
626 3433 766 3482 assumunt.
906 3426 970 3495 irae]
983 3443 1026 3495 vg.
1063 3427 1130 3480 haec
1147 3429 1222 3482 codd.
1253 3430 1327 3496 quod
1345 3429 1369 3482 h.
1383 3431 1397 3481 l.

262 3497 365 3552 delendi
383 3498 486 3564 nequit,
504 3511 649 3564 quenquam
667 3499 724 3551 eliis
741 3499 885 3566 tenuimus,
902 3501 936 3565 V,
952 3503 996 3552 98.
1020 3500 1066 3567 Vl,
1077 3505 1121 3555 53.
1138 3501 1198 3568 Vll,
1208 3503 1251 3553 64'.
1332 3501 1397 3566 ουδ’]

262 3587 305 3638 vg.
342 3585 391 3621 our
408 3569 466 3621 sine
484 3585 541 3620 una
558 3568 633 3622 codd.
657 3569 704 3623 sed
722 3569 755 3623 de
773 3583 796 3623 a.
810 3575 873 3625 'non
891 3577 1000 3626 constet.
1131 3573 1215 3641 esset]
1233 3571 1326 3642 scripsi
1345 3589 1397 3625 suu·
1425 3629 1426 3642 ,

265 3641 344 3696 dente
361 3640 514 3710 Speogelio.
550 3657 606 3692 esce
625 3639 700 3694 codd.
736 3640 774 3695 sir
787 3641 843 3712 νς.
964 3651 997 3694 ut
1015 3639 1073 3696 ovis
1090 3651 1118 3694 ei
1136 3643 1209 3711 avis]
1230 3643 1397 3698 Fortassean
1425 3669 1426 3694 i

263 3713 429 3767 scribendum
446 3713 493 3766 sit:
519 3711 578 3764 oris
597 3721 630 3764 ut
648 3711 717 3770 aris.
1425 3717 1426 3756 l

376 3814 428 3880 77.
443 3825 533 3894 urire]
547 3828 693 3882 uuuuuuuu
706 3829 875 3896 Augustinus.
904 3827 1102 3885 iuuuzseu.
1129 3829 1243 3885 nimiu.
1315 3847 1399 3894 cusu,

264 3897 322 3970 qur]
349 3897 488 3964 casuris,
515 3899 562 3971 qui
587 3901 654 3955 coni.
672 3899 836 3970 Stephanus,
864 3903 974 3956 fortusse
999 3910 1080 3956 reete.
1204 3902 1274 3968 esto]
1294 3903 1398 3955 coniecit

264 3971 429 4038 Spengelios.
464 3977 507 4021 esi
524 3969 599 4024 codd.
748 3972 810 4041 siet]
828 3974 928 4043 scripsi,
964 3973 994 4026 si
1006 3984 1034 4025 et
1051 3971 1127 4026 codd.
1174 3973 1242 4027 Illud
1259 3989 1293 4026 ne
1311 3973 1397 4026 credes

262 4034 452 4113 uippuieuirrpur
475 4056 533 4094 esse
556 4057 633 4108 quum
656 4057 705 4112 pro
724 4042 847 4098 Varronis
864 4061 953 4098 more:
982 4047 1059 4099 etism
1077 4045 1231 4100 Ciceronem
1249 4051 1352 4098 constet
1369 4045 1397 4096 de
1425 4079 1426 4124 ,

262 4113 377 4180 pleniore
395 4115 446 4166 sier
466 4117 494 4166 et
509 4113 642 4167 imminuto
661 4113 698 4166 sir
716 4113 904 4182 uiuututuusu
929 4121 961 4170 ut
977 4123 1088 4184 utroque
1105 4118 1144 4169 uti
1162 4118 1259 4171 liceret
1297 4117 1396 4170 Orator.
1425 4127 1426 4162 l

262 4185 313 4247 47,
331 4186 393 4237 157.
428 4185 525 4238 Sensus
544 4185 596 4237 loci
613 4183 654 4239 hic
671 4192 727 4238 ests
755 4183 804 4240 boc
821 4189 891 4256 quod
915 4189 952 4241 illi
972 4187 1096 4242 obiiciunt
1119 4188 1215 4242 crimen
1233 4203 1285 4242 non
1303 4194 1394 4240 uutun

262 4251 343 4308 hebet
358 4253 422 4319 dm,
450 4261 479 4306 ut
497 4255 644 4310 ullomodo
668 4255 817 4326 prohibeat,
844 4262 980 4328 quominus
1007 4262 1040 4312 sit
1063 4260 1137 4314 ratio.
1285 4256 1395 4329 pererit]

263 4323 340 4378 (il-le
374 4332 484 4393 poterat
501 4325 533 4384 ll,
1425 4319 1426 4408 l
