2864 4814
471 209 508 312 5·
536 227 588 298 70
614 250 660 266 -
686 228 747 298 aa.
1098 212 1173 288 lol

55 401 255 498 sponsio,
283 399 366 496 quoi
386 394 555 495 desponsa
574 399 795 495 quae'crat,
824 425 1031 498 sponsus.
1091 402 1174 495 Quo

55 503 103 582 die
130 523 292 598 sponsum
326 510 418 592 erat,
454 503 704 596 sponsalis.
828 565 833 578 .
887 501 950 574 71.
989 503 1063 596 Qui
1092 517 1174 604 spo'-

54 601 212 702 ponderat
244 599 373 694 liliam,
412 599 731 696 despondisse
763 601 963 698 dicebatur,
1004 605 1099 703 quod
1131 608 1174 680 de

54 714 166 802 sponte
197 704 291 796 eius,
328 703 441 776 idest
465 702 509 774 de
534 701 711 776 voluntate
735 707 884 800 exierat3
924 731 995 779 non
1027 710 1118 780 enim
1142 710 1173 780 si
1283 752 1291 768 ι

53 804 197 899 nolebat,
224 805 309 877 non*
337 803 455 896 dabat,
483 803 577 901 quod
596 833 726 904 sponsu
748 818 822 878 erat
843 805 1027 906 alligatus,
1046 811 1060 837 '
1078 809 1173 908 quod

53 919 118 978 tum
142 918 179 979 et
204 908 412 1004 praetorium
435 907 490 976 ius
516 906 560 978 ad
586 906 699 1008 legem
724 919 758 980 et
783 914 977 982 censorium
1001 911 1168 984 iudicium

53 1007 255 1106 adaequem
278 1005 547 1101 existimabatur.
589 1009 652 1083 Sic
672 1009 959 1107 despondisse
985 1015 1233 1110 animumn-43

51 1134 182 1208 quoque
200 1110 339 1203 dicitur,
366 1122 407 1181 ut
431 1107 655 1208 despondisse
673 1110 794 1204 filiam,
823 1112 917 1209 quod
936 1138 1022 1186 suae
1038 1116 1172 1212 spontis

49 1220 230 1284 statuerant
263 1210 380 1283 linem.
589 1208 656 1282 72.
703 1208 741 1284 Α
776 1236 847 1310 quo
879 1224 1001 1310 sponte
1036 1214 1169 1307 dicere,

49 1310 338 1409 respondere*
366 1337 504 1410 qnoque
525 1311 707 1406 dixerunt,
735 1339 841 1412 quom
867 1314 912 1384 ad
936 1327 1093 1413 spontem
1117 1343 1171 1388 re-

48 1414 270 1509 sponderent,
311 1413 348 1485 id
380 1424 433 1486 est
465 1413 510 1484 ad
539 1415 750 1487 voluntatem
778 1419 980 1514 rogationis.
1049 1417 1173 1515 ltaque

49 1517 102 1610 ‹Jni
127 1515 172 1588 ad
202 1515 239 1587 id
265 1514 360 1613 quod
384 1526 526 1614 rogatur
551 1542 620 1588 non
648 1515 752 1609 dicit,
789 1545 860 1591 nou
892 1517 1099 1617 respondet:
1133 1529 1173 1590 ut

49 1641 111 1688 non
136 1616 284 1714 spondet
301 1617 381 1710 ille,
409 1618 522 1690 statim
546 1619 607 1714 qui
633 1617 737 1706 dixit3
773 1617 948 1717 spondeo,
979 1621 1009 1691 si
1034 1617 1172 1692 iocandi

49 1741 146 1788 causa
173 1717 279 1810 dixit,
306 1744 418 1816 neque
440 1721 496 1817 api
519 1729 633 1814 potest
659 1743 738 1792 cum
764 1746 805 1793 eo
830 1747 872 1794 ex
899 1746 1045 1820 sponsu.
1099 1722 1171 1794 lta·
1248 1809 1250 1816 p

49 1843 108 1915 que
130 1821 214 1917 quoi
239 1821 317 1918 quis
343 1819 426 1892 dicit
449 1821 486 1890 in
510 1811 703 1918 tragoedia:

153 1932 398 2005 Meministin’
426 1948 461 2004 te
486 1935 714 2031 despondere
741 1939 831 2009 milri
858 1949 1014 2034 gnatam
1042 1932 1243 2010 tuam?(⁵⁹)

47 2125 134 2167 contro
157 2135 282 2187 sponsum
307 2126 377 2187 erat,
402 2121 429 2174 id
448 2127 488 2174 est
505 2123 569 2175 tanti
588 2125 675 2189 quanti
699 2123 769 2175 illius
793 2124 916 2176 intererat
940 2137 1048 2174 uxorem
1066 2121 1170 2188 ducere,

47 2192 72 2235 ut
87 2189 181 2242 dicitur
206 2201 300 2242 contra
326 2211 424 2243 aarum
447 2195 515 2262 apud
532 2196 683 2247 Varronem.
729 2195 769 2246 Gi.
792 2196 892 2246 Gellius
909 2195 955 2257 IV,
974 2195 1171 2248 11111111

47 2256 185 2323 1111111.
353 2265 457 2334 quod]
475 2265 542 2318 coni.
584 2266 655 2336 qood
672 2267 706 2317 G.
724 2271 754 2317 ut
771 2282 813 2330 cg.
852 2283 903 2334 quo
921 2269 982 2315 cett.
1002 2264 1076 2316 codd.
1113 2267 1168 2329 Sic,
1279 2303 1285 2312 .
1356 2333 1361 2344 ’

48 2333 72 2378 nl
87 2332 192 2400 scripsi,
211 2332 295 2384 Varro
313 2349 405 2402 saepe,
427 2341 473 2386 uta
501 2335 547 2406 qui
565 2335 632 2404 quid
649 2335 821 2386 administrat
835 2335 881 2399 Vl,
892 2339 935 2386 78.
974 2335 1021 2403 qui
1033 2367 1074 2384 ..·
1089 2337 1170 2386 etiem

46 2401 110 2466 quod
131 2401 261 2452 indicium
279 2403 342 2454 dent
359 2407 413 2469 lx,
431 2410 475 2459 19.
509 2405 593 2458 illud,
618 2405 713 2476 quoius
739 2404 806 2475 qnid
827 2404 926 2467 simile,
956 2412 986 2456 ut
1009 2406 1170 2458 scribendum

47 2470 154 2538 ridetur,
173 2473 209 2536 X,
227 2478 254 2526 3·
288 2475 440 2541 Eodemque
459 2478 602 2544 pertinent:
628 2475 790 2547 quodquam
810 2475 916 2540 v1‚55.
953 2473 1024 2546 quod
1040 2493 1109 2546 quae
1126 2495 1169 2527 res

47 2541 152 2606 v1,ro.
192 2549 219 2596 et
236 2563 314 2615 quom
331 2547 378 2616 qui
396 2549 448 2612 vl,
467 2553 510 2599 os.
547 2565 625 2616 quom
648 2545 738 2598 dixero
764 2545 830 2617 quid
852 2541 892 2618 X,
912 2550 957 2602 41).
988 2547 1029 2598 Cf.
1048 2547 1100 2610 vl,
1124 2551 1167 2599 ³0.

46 2609 128 2678 ltaque
146 2616 253 2667 omnino
278 2623 338 2685 post
359 2619 454 2670 formas
479 2620 600 2671 relativas
623 2634 673 2670 nou
699 2635 764 2686 opus
788 2624 828 2671 est
852 2619 996 2686 composito
1020 2619 1170 2684 pronomine

46 2681 188 2752 indefinito,
206 2687 252 2739 sed
270 2690 365 2742 suflicit
382 2691 499 2757 simplex.
537 2689 590 2742 Sed
608 2691 729 2748 observes
747 2691 838 2753 velim,
861 2689 956 2741 formas
976 2691 1033 2740 illas
1051 2689 1169 2741 relativas

46 2751 159 2834 {protenus
186 2773 245 2809 cunr
269 2761 377 2829 simplici
402 2763 532 2814 indefinito
558 2762 693 2828 coniungi,
719 2762 742 2814 si
766 2761 938 2830 respondeant
961 2761 1069 2814 Graecis
1092 2751 1169 2819 deror,

47 2842 94 2886 οτι,
112 2819 186 2881 ὅπου.
227 2829 267 2882 Cf.
286 2838 372 2884 tamen
396 2833 458 2903 quoi
483 2833 543 2904 quis
569 2835 593 2896 ἓ.
609 2837 653 2886 72.

94 2939 95 2944 ’
149 2921 205 2988 71.
235 2935 361 3005 Qur]Gb.
380 2943 409 2990 nt
426 2954 469 3004 vg.
506 2938 568 3008 quo]
587 2937 618 2996 F.
656 2940 717 3009 quoi
735 2954 758 2990 a.
866 2965 867 2970 =
908 2936 1085 3015 despondisse]
1096 2937 1122 2988 b.
1139 2943 1170 2988 nt

19 3037 29 3052 .
46 3005 152 3073 ridetur,
177 3009 245 3060 sicut
263 3025 305 3075 vg.
349 3009 511 3078 ola'aponclisee
528 3009 601 3060 FGa.
757 3007 789 3057 de
807 3005 960 3070 volontate]
982 3008 1008 3058 id
1026 3023 1076 3058 non
1094 3010 1170 3074 plane

46 3080 144 3141 perinde
162 3085 204 3131 est
220 3095 267 3131 ac:
291 3079 325 3132 de
343 3081 426 3147 patria
448 3083 590 3149 potestate,
617 3079 664 3131 sed
689 3080 795 3130 liberum
820 3077 847 3128 io
864 3077 987 3130 eloeauda
1005 3078 1183 3130 retinendare«

46 3149 93 3200 filia
110 3151 245 3202 arbitrium
263 3151 397 3216 significat.
529 3147 646 3215 nolebat]
665 3150 773 3214 Aldina,
789 3147 933 3200 Turnebus.
970 3147 1076 3200 rotabat
1095 3149 1169 3202 codd.

46 3221 113 3285 nom]
133 3222 200 3274 coni.
226 3223 329 3287 addidi,
355 3223 449 3290 quippe
467 3223 648 3274 necessarium.
806 3219 982 3290 adaequem]
1000 3221 1098 3289 scripsi.
1134 3220 1172 3270 ad

45 3305 153 3360 aequom
167 3309 212 3360 vg.
247 3293 335 3346 Locus
353 3293 511 3348 accuratiore
531 3293 703 3360 explicatione
719 3291 812 3356 dignus
824 3291 882 3344 erit.
908 3291 948 3344 Ad
966 3293 1110 3348 eerrsorium
1129 3291 1171 3342 iu-

46 3359 132 3416 dicium
152 3363 223 3431 quod
241 3366 343 3430 attinet,
360 3364 409 3418 hoc
420 3366 476 3418 sine
494 3364 571 3416 dnbio
590 3364 735 3427 notabatur,
754 3363 797 3433 qui
817 3362 970 3432 desponsam
984 3363 1061 3416 liliam
1074 3377 1169 3430 sponso

45 3444 90 3484 uon
107 3437 288 3492 collocaverat.

149 3513 204 3580 72.
231 3513 341 3596 Aque]
361 3526 427 3578 coni.
470 3541 489 3576 a
507 3541 562 3594 qua
579 3523 655 3576 codd.
805 3521 985 3590 respondere⁸J
1003 3521 1069 3573 coni.
1112 3537 1171 3570 cum

48 3597 166 3661 spondere
185 3595 260 3652 codd.
297 3595 471 3666 conspoadere
488 3595 632 3648 Turnebus.
747 3591 785 3642 ad
800 3593 930 3660 spontem]
941 3592 965 3644 b.
987 3591 1169 3644 utTornebua.

48 3680 171 3736 asponis
190 3668 265 3723 codd.
415 3667 465 3737 qni·
479 3667 517 3716 od
533 3666 563 3715 id
580 3664 653 3736 quod
668 3672 782 3734 rogatur
800 3681 852 3712 aon
870 3662 946 3728 dicit]
965 3664 1010 3716 Sic
1028 3662 1170 3728 intelligasr

47 3740 86 3802 qui
104 3743 173 3794 alind
191 3743 218 3793 in
236 3744 322 3792 mente
341 3735 433 3804 babet,
459 3753 542 3804 neque
560 3739 586 3790 id
604 3738 687 3804 ipsum
712 3733 782 3800 quod
808 3741 916 3798 rogatus
935 3740 981 3787 est.
1007 3745 1023 3776 ⁰
1037 3733 1095 3785 Hac
1113 3748 1172 3785 cum

46 3815 222 3878 responsione,
250 3826 317 3876 quae
335 3813 405 3862 nulla
423 3816 477 3874 est,
502 3815 666 3879 comparatur
683 3807 829 3858 aVarrone
847 3805 967 3872 sponsio,
994 3821 1062 3872 quae
1087 3805 1173 3857 verbis

47 3885 157 3948 lantum,
181 3900 232 3936 non
257 3887 344 3934 mente
367 3883 503 3946 animoque
527 3883 565 3934 111.
606 3879 646 3930 lt'a
669 3876 913 3942 sequentiarum,
940 3892 1007 3942 quae
1031 3874 1173 3943 transposi-

48 3955 115 4006 tums
139 3958 191 4008 iam
217 3969 287 4007 eram
313 3959 374 4020 post
396 3969 420 4004 r.
438 3951 553 4020 spondeo
579 3951 606 4002 in
630 3951 682 4000 fine
705 3951 801 4012 §.69.,
829 3949 1007 4000 locumsnum
1024 3948 1171 3999 tuebuntur.

47 4024 106 4146 11·
122 4027 195 4150 aare
462 4039 495 4161 1
685 4017 1173 4158 1111111111...111

110 4131 124 4156 o
195 4135 201 4150 ·
250 4135 256 4148 ·
496 4132 502 4145 ·
547 4133 554 4146 ο
641 4127 644 4134 ’
961 4129 968 4142 ·
1168 4126 1175 4147 a

48 4165 207 4232 Spengeliua.
239 4169 314 4224 Quae
333 4165 409 4220 luerit
427 4167 471 4217 illa
489 4164 633 4232 tragoedia,
652 4167 679 4214 et
693 4162 737 4228 qui
754 4161 856 4214 fabulae
874 4177 965 4225 nexus,
986 4161 1061 4229 plane
1079 4161 1174 4212 obscu-

47 4249 98 4290 tunr
115 4246 163 4292 est.
247 4237 479 4304 mentirzirlin']vg.
515 4234 690 4286 mentiarisline
703 4232 779 4286 codd.
813 4251 845 4284 ne
864 4249 914 4287 om.
928 4233 963 4286 H.
1049 4229 1173 4303 gnatam]

48 4321 86 4371 111.
122 4317 253 4382 agnetam
273 4310 337 4362 EG>
363 4307 514 4380 'cognoram
533 4308 567 4369 11,
607 4315 749 4375 rogatorum
767 4303 807 4355 ab.
