2874 4804
499 207 720 292 apponunt.
886 263 897 280 ‚
1097 179 1182 258 505
1269 163 1277 170 ’

158 381 212 452 23.
238 391 311 451 uon*
323 392 402 466 serra
421 393 534 466 queant]
546 391 598 446 blo
615 403 658 442 me
676 390 821 444 correxisse
838 389 954 458 poenitet
967 395 994 442 et
1009 391 1090 460 piget,
1108 399 1182 462 post·

46 503 121 557 quam
147 490 225 544 incidi
249 490 277 542 iu
302 499 405 542 versum
428 485 516 540 Plauti
533 479 656 538 Bocchid.
674 480 766 547 1v‚.o.
785 484 852 533 extr.
871 477 933 534 bene
951 483 1029 535 novis
1047 483 1181 552 agitatur,

42 578 136 648 pulcre
160 579 228 630 boec
253 575 394 648 confertur
417 574 503 630 roris:
531 589 565 628 ex
589 581 641 640 ¹quo
665 571 803 638 intelligo,
828 571 947 624 conferre
971 586 1062 626 navem
1080 573 1131 627 dici
1149 575 1183 630 de

45 669 204 736 remigibus,
221 671 265 736 qui
284 683 343 722 cum
361 681 450 720 omues
468 681 520 718 uua
538 665 616 718 remis
633 665 800 730 recumbunt,
817 679 909 716 navem
927 667 1089 735 propellunt,
1112 667 1183 735 quod

45 759 127 812 fermo
145 759 273 812 dicituro
290 755 445 824 Thucydide
462 754 528 820 Vll,
546 757 588 807 14.
607 757 716 821 {erigere
734 750 784 824 τήν
802 755 918 825 εἰρεσίαν.
961 758 1007 810 sic
1024 757 1139 812 Naevius
1156 762 1184 814 in

45 847 226 922 primofflbello
251 847 352 902 Punico
378 859 497 900 narrasse
520 846 635 913 videtur,
670 861 736 914 qnae
761 852 817 900 tum
841 862 903 900 cura
927 853 953 900 et
977 850 1047 916 qnod
1071 851 1183 907 studium

45 939 124 992 fuerit
140 939 334 1005 Romanorum,
359 943 389 991 ut
408 937 531 1007 conferre
550 945 652 1008 queant
669 947 756 990 ratem
774 946 898 990 aeratam
915 941 1035 1007 remiges.

160 1029 292 1100 sedantes]
309 1045 334 1088 v.
352 1029 443 1099 Suppl.
461 1029 495 1083 V.
512 1028 571 1082 Ser.
589 1044 605 1086 e
623 1029 653 1081 C.
672 1029 708 1082 G.
727 1047 752 1098 p.
760 1031 823 1083 28³.

158 1155 227 1222 64.Χ
240 1168 405 1236 Cistellaria]
433 1170 475 1224 Ne
501 1172 558 1238 quis
585 1147 642 1237 me,
669 1165 740 1235 quod
767 1169 901 1222 obscurius
924 1173 1078 1227 senteutiam
1102 1190 1186 1230 meam

44 1261 258 1328 significaverim,
284 1257 470 1330 reprehendam
502 1262 595 1316 adiicio
614 1260 784 1314 certissimum
809 1258 912 1325 haberi,
939 1260 1110 1318 Cistellariam
1134 1281 1187 1318 uon

44 1354 175 1418 integram
194 1357 298 1415 extare,
317 1351 364 1402 sed
382 1356 535 1406 truncatam.
552 1333 602 1406 ¹111
618 1351 797 1417 antiquissimo
814 1345 905 1404 codice
922 1351 1010 1420 plures
1029 1369 1063 1406 ex
1081 1353 1128 1408 lrac
1146 1356 1187 1409 fa-

44 1441 107 1494 bula
126 1443 244 1512 pagellae
262 1442 426 1510 exciderant3
445 1450 545 1514 postea
562 1445 613 1496 alia
638 1440 780 1508 quaedam,
809 1457 876 1510 quae
900 1458 970 1494 nexu
996 1442 1046 1499 iam
1064 1445 1188 1499 destituta

44 1512 136 1598 eredt,
161 1521 271 1599 omissa,
295 1537 323 1584 et
343 1533 414 1587 bians
439 1536 557 1588 iunctura
575 1533 668 1586 callide
687 1534 800 1600 levigata
819 1541 866 1587 est.
903 1533 1088 1588 Ambrosianus
1104 1537 1188 1592 codex

44 1626 246 1693 palimpsestus,
270 1625 343 1677 cuius
361 1626 483 1692 reliquias
501 1625 587 1678 Maius
605 1625 700 1690 edidit,
728 1640 786 1678 cum
804 1625 893 1682 multis
910 1626 967 1678 eliis
985 1626 1116 1694 versibus,
1144 1629 1190 1694 qui

43 1729 117 1766 nunc
133 1715 161 1766 iu
177 1727 209 1764 ea
226 1713 315 1766 fabula
333 1731 383 1768 non
403 1717 540 1782 leguntur,
560 1711 641 1767 'babet
659 1717 737 1768 etiam
754 1713 838 1782 huuc,
866 1730 943 1782 quem
961 1721 1038 1766 antea
1054 1731 1088 1768 ex
1102 1715 1189 1770 Nonio

44 1823 72 1873 p.
90 1807 151 1858 164.
174 1811 315 1860 noverant:
348 1803 515 1877 Expurgobo
540 1803 627 1858 becole
654 1804 743 1857 omniu
770 1805 809 1856 ad
834 1821 944 1858 raucam
972 1803 1067 1858 ravim.
1111 1806 1189 1860 Hunc
1215 1873 1223 1883 ,
1290 1869 1294 1878 ,

44 1896 145 1947 {mustra
163 1895 323 1948 Cistellariae
341 1901 475 1964 ereptum,
500 1901 527 1947 et
545 1895 704 1950 Clitellariae
722 1895 814 1964 (qnam
832 1895 931 1950 Nouius
949 1897 1094 1964 pariterec
1107 1897 1190 1951 Varro

44 1987 72 2039 iu
98 1985 138 2039 bis
157 1987 228 2039 libris
253 1999 356 2057 semper
380 1983 517 2038 Astrabam
543 1983 670 2054 appellat)
698 1985 820 2038 donatum
839 2002 911 2052 esse,
936 2001 1004 2040 nuuc
1022 1972 1205 2060 ‘menifestum'

46 2085 97 2132 cst.
135 2078 280 2148 Itidemque
296 2075 461 2132 statuendum
480 2075 513 2127 de
531 2075 691 2131 Varroniano
709 2073 759 2146 boo
775 2075 842 2131 loco.

163 2207 215 2272 82.
241 2217 340 2300 voluit]
366 2233 391 2271 r.
410 2216 502 2290 suppl.
519 2215 552 2270 V.
571 2215 629 2271 Sor.
642 2211 663 2268 'e
681 2215 712 2296 C.
731 2218 766 2270 G.
784 2235 810 2287 p.
819 2220 883 2271 285.

163 2354 215 2421 90.
236 2363 370 2437 proximo]
395 2378 419 2417 v.
437 2361 529 2430 Suppl.
547 2359 580 2414 V.
603 2359 660 2412 Sor.
680 2375 695 2414 e
714 2360 745 2415 C.
763 2359 797 2414 G.
816 2377 842 2428 p.
853 2361 916 2412 286.

164 2501 217 2566 91.
246 2508 356 2577 Ciceris]
375 2524 399 2562 vs
416 2507 509 2576 Suppl.
528 2506 561 2560 V.
581 2505 640 2558 Sor.
659 2520 674 2557 e
692 2504 724 2558 C.
741 2505 776 2557 G.
796 2507 893 2572 peso.

159 2644 216 2711 95.
242 2653 320 2727 opud
336 2651 497 2718 Dossennum]
513 2665 655 2721 personam
672 2649 739 2703 coni.
760 2647 878 2703 Schober
904 2649 937 2706 de
960 2653 1086 2709 Atellanis
1111 2673 1136 2724 p.
1147 2659 1190 2709 18.

45 2755 124 2826 quod
140 2771 157 2806 a
174 2751 257 2806 literis
274 2746 350 2802 codd.
378 2743 416 2796 ad
433 2743 556 2796 obsonum
578 2741 684 2795 nimium
708 2740 795 2795 distat.
837 2741 935 2796 Verum
953 2751 1058 2814 praeter
1082 2747 1192 2802 Fabium

44 2851 200 2901 Dosseuum
219 2842 373 2909 scriptorem
385 2837 561 2890 Atellanarum
579 2833 649 2886 idem
666 2847 759 2884 nomen
778 2832 857 2884 etiam
871 2849 1007 2901 personam
1018 2838 1193 2892 Atellanarum

44 2937 201 3007 significet,
229 2948 306 3001 quam
324 2928 394 2996 quod
412 2928 491 2995 potia
508 2925 552 2976 ille
570 2924 596 2976 in
615 2923 654 2974 his
672 2923 786 2989 sabellis,
812 2939 878 2990 qnae
896 2941 913 2977 a
929 2911 1027 2979 ciuibus
1044 2928 1194 2994 agebantur,

43 3033 112 3100 ipse
135 3026 263 3078 sustinere
284 3021 396 3084 soleret,
421 3032 479 3069 eum
497 3013 547 3069 hoc
565 3015 719 3082 cognomine
744 3017 902 3084 appellatum
921 3030 978 3067 esse
997 3015 1124 3068 existimo.
1162 3015 1217 3072 Id.

43 3134 150 3176 nomen
169 3130 296 3186 personae
321 3110 391 3179 apud
409 3109 517 3162 Festum
535 3123 557 3158 s.
576 3121 600 3159 v.
619 3112 743 3160 temetum
760 3113 848 3175 aperte
871 3112 979 3172 extans,
1003 3107 1059 3158 aliis
1078 3108 1143 3161 locis
1160 3123 1195 3162 ex

45 3207 212 3276 corruptelis
239 3205 362 3257 librorum
387 3201 551 3263 enucleatur,
578 3197 611 3250 do
627 3214 679 3266 qua
697 3215 726 3252 re
749 3213 832 3268 nuper
849 3197 916 3252 dixit
933 3196 1087 3274 EdzMussk
1105 3199 1138 3252 de
1158 3198 1194 3254 L.

42 3296 200 3365 Pomponio
219 3313 245 3364 p.
254 3298 298 3347 66.
306 3298 350 3348 73.
360 3297 404 3346 81.
441 3295 515 3348 Quos
533 3292 605 3342 locos
624 3307 682 3343 cnm
695 3291 839 3358 considero,
856 3297 935 3358 atque
947 3289 1093 3341 Dosseuuur
1110 3289 1194 3357 ipsum

42 3386 183 3443 edacibus
207 3385 236 3438 in
256 3385 390 3456 parasitis
413 3397 537 3451 magnum
559 3381 640 3434 inisse
656 3387 765 3450 reputo,
791 3381 891 3436 scilicet
907 3381 933 3432 lu
951 3395 983 3432 ea
1000 3379 1057 3447 ipsa
1075 3395 1194 3448 persona,

42 3503 62 3538 a
86 3497 141 3549 qua
158 3493 253 3532 nomeu
270 3493 344 3530 suum
362 3477 464 3540 retulit,
483 3474 597 3528 adducor
614 3473 665 3524 iam
680 3477 709 3534 ut
726 3469 751 3524 h.
770 3471 805 3537 l.,
831 3469 925 3524 omisso
943 3469 1094 3540 praeverbio
1112 3471 1195 3540 apud,

41 3572 220 3630 scribendum
239 3583 359 3621 censeam
377 3569 526 3617 Dossennum
543 3581 564 3618 s.
578 3566 735 3614 Dorsennus.
772 3560 838 3614 Nem
857 3563 934 3617 etiem
954 3578 987 3615 eu
1006 3560 1054 3615 hoc
1071 3561 1129 3632 ipso
1146 3578 1195 3616 uo·

40 3668 124 3723 mine
142 3658 343 3732 (d-oraenum)
361 3657 438 3710 facile
455 3655 511 3710 beri
528 3660 631 3724 poterat
649 3652 687 3704 od
702 3650 834 3708 obsonum.
898 3660 922 3742 ι’

171 3804 242 3870 107.
264 3799 335 3866 108.
361 3811 487 3867 Naevii
512 3809 612 3863 iabulas
630 3824 663 3861 eo
681 3807 771 3862 ordine
788 3809 932 3862 Varronem
950 3807 1123 3878 disposuisse,
1142 3825 1195 3878 quo
1234 3879 1237 3887 Ι

40 3914 122 3980 dixi,
141 3928 173 3966 eo
190 3907 348 3979 probabilius
365 3911 420 3969 eet,
439 3899 508 3970 quod
526 3901 617 3954 eodem
636 3901 740 3968 ordine,
759 3899 902 3953 observatis
920 3903 1019 3951 tuntum
1038 3900 1127 3969 primis
1145 3914 1193 3952 uo-

38 4007 152 4062 minum
166 4000 262 4063 literis,
282 3997 359 4048 etiam
375 3996 508 4048 Plautinas
528 3993 672 4061 composuit
689 3998 716 4044 et
733 3991 878 4060 descripsit.
905 3989 972 4043 Nom
986 3992 1072 4044 Plauti
1086 4007 1192 4044 comoe-

38 4100 131 4160 diae,
154 4107 219 4160 quas
236 4088 371 4152 habemns,
400 4085 576 4138 varronianae
594 4097 653 4137 cum
670 4083 734 4147 sint,
763 4085 962 4134 consentaneum
980 4081 1057 4134 etiarn
1075 4081 1191 4134 ordinem
1224 4093 1226 4098 ’

40 4201 146 4244 earum
172 4200 231 4237 eum
256 4187 314 4234 esse
339 4190 416 4243 quem
446 4175 491 4226 ille
515 4173 695 4241 descripserat.
753 4169 783 4222 lu
808 4185 860 4236 quo
885 4171 975 4224 ordine
1002 4171 1192 4240 (Amphitruo,

38 4272 205 4334 Asinaria,
222 4267 388 4334 Aulularia,
407 4264 557 4336 Coptsivei,
578 4259 715 4317 Curculio,
734 4259 847 4342 Onam,
866 4251 1035 4319 Cistellaria,
1053 4260 1192 4332 Epidicus,
