2890 4820
469 249 506 350 §-
537 263 722 336 rs-aa
1136 247 1164 324 a

36 441 97 514 20.
140 441 262 533 Quare
298 448 338 510 ut
371 463 392 507 u
422 459 511 508 'cavo
551 460 683 509 cavea
717 447 753 510 et
784 438 962 512 caullac
997 453 1032 514 et
1065 465 1161 516 con-

36 543 191 634 vallis,
238 550 358 614 cavata
394 538 516 610 vallis:
559 550 594 610 et
626 538 795 611 coelum
830 547 1082 638 recuratione,
1124 555 1204 642 utu-r

36 672 186 716 cavum
218 645 263 716 sit
300 651 437 730 ortum,
481 639 575 712 unde
609 644 724 714 omnia
757 643 850 741 apud
884 645 1104 740 Hesiodum,
1142 672 1162 718 a

35 746 174 838 Chao,
216 769 355 818 aravo
384 741 566 816 caelum.

109 879 196 954 21.
236 883 376 976 Terra
401 879 496 952 dicta
519 877 562 952 ab
587 905 650 972 co,
687 889 726 951 ut
748 875 873 952 Aelius
895 880 1036 976 scribit,
1067 882 1202 981 quodd

36 987 169 1080 teritur,
208 983 324 1082 itaque
349 983 503 1054 terrain
527 979 717 1080 Augurum
741 978 840 1052 libris
867 987 995 1082 scripta
1020 1011 1100 1057 eum
1125 987 1163 1059 R

35 1114 108 1158 uno.
178 1080 240 1158 Ab
266 1111 307 1158 eo
334 1085 466 1158 colonis
490 1084 590 1155 loeus
617 1083 809 1154 communis
834 1085 895 1181 qui
927 1111 1034 1184 prope
1063 1089 1162 1186 oppi-

36 1189 109 1259 dum
135 1188 367 1286 relinquitur,
396 1185 699 1276 territorium,
728 1183 823 1280 quod
848 1188 994 1274 maxime
1018 1190 1159 1286 teritur,

35 1288 108 1361 binc
129 1290 276 1362 linteum
302 1287 395 1385 quod
418 1288 539 1358 teritur
566 1310 723 1383 corpore,
752 1291 1161 1386 extermentarium3

35 1388 108 1463 binc
134 1395 173 1462 in
198 1391 302 1462 messi
327 1390 506 1479 tritura,
531 1386 626 1488 quod
644 1400 718 1458 tum
739 1385 951 1459 frumentum
970 1389 1104 1483 teritur,
1131 1402 1165 1462 et

34 1493 264 1584 trivolum,
302 1492 363 1589 qui
387 1491 528 1560 teritur:
566 1487 648 1560 binc
669 1487 757 1559 lines
782 1514 945 1587 agrorum
967 1494 1204 1585 terminiffl

35 1593 122 1689 quod
149 1618 211 1666 eae
233 1594 361 1691 parteis
389 1601 531 1688 propter
554 1590 700 1661 limitare
722 1591 788 1662 iter
810 1593 959 1663 maxime
984 1604 1162 1688 teruntur3

34 1696 142 1793 itaque
166 1695 273 1787 hinc,
313 1693 408 1792 quod
430 1695 460 1764 is
483 1694 519 1763 in
543 1691 648 1764 Latio
672 1690 803 1788 aliquot
825 1693 913 1766 locis
937 1693 1087 1786 dicitur,
1125 1707 1165 1767 ut

13 1798 118 1893 'apud
143 1791 319 1887 Accium,
354 1819 425 1867 uon
449 1795 615 1865 terminus
643 1793 705 1866 sed
729 1807 884 1885 tormen,
926 1794 1009 1867 binc
1035 1794 1169 1869 Graeci

35 1923 168 1994 quoque
196 1896 377 2000 τέρμονα;
414 1906 494 1994 pote
518 1894 574 1966 vel
596 1895 717 1989 illine;
759 1895 927 1968 Euander
951 1899 1064 1990 enim,
1102 1901 1164 1996 qui

34 2001 62 2069 in
92 1998 273 2070 Palatium
306 1999 421 2090 veuit,
460 1995 651 2070 eGraecia
671 1994 801 2086 Arcas.
972 1995 1041 2070 22.
1075 1999 1160 2074 Via

35 2102 142 2172 sicut*
170 2102 279 2191 iter,
306 2099 402 2198 quod
427 2126 467 2172 ea
492 2097 651 2171 vehendo
671 2101 804 2191 teritur,
832 2100 898 2172 iter
921 2101 994 2192 itu,
1031 2113 1201 2192 setoso}

36 2203 119 2296 quod
143 2200 281 2301 agendo
303 2204 445 2297 teritur3
471 2203 574 2272 etiam
597 2199 796 2272 ambitus
821 2212 874 2273 est
899 2201 994 2299 quod
1013 2205 1160 2275 circum-

36 2305 141 2376 eundo
174 2305 317 2395 teritur,
363 2329 443 2374 nam
474 2301 625 2373 ambitus
648 2305 835 2394 circuitus,
876 2300 920 2373 ab
947 2329 1056 2401 eoque
1082 2307 1161 2378 XII

35 2403 245 2476 Tabularum
280 2407 485 2500 interpretes
516 2402 667 2474 ambitus
699 2405 840 2501 parietis
871 2405 1053 2475 circuitum
1085 2432 1186 2486 esses

35 2504 242 2578 describunt.
295 2505 409 2605 Igitur
431 2518 504 2577 tera
530 2516 672 2595 terra,
709 2515 744 2576 et
767 2503 812 2574 ab
837 2530 878 2576 eo
903 2513 1023 2602 potitae
1043 2507 1160 2605 appel·

34 2603 139 2682 larunt
179 2633 314 2682 summa
353 2618 464 2680 terrae
500 2632 589 2705 quae
631 2607 705 2680 sola
741 2608 806 2679 teri
842 2618 1009 2708 possunt,
1059 2609 1160 2683 sola

135 2817 191 2882 20.
217 2828 334 2896 caullae]
348 2830 474 2896 Scaliger.
503 2827 588 2881 vavile
605 2829 667 2882 Fae.
695 2828 809 2882 cavillae
822 2819 883 2883 GH'.
913 2830 1009 2882 raville
1027 2832 1052 2884 b.
1132 2842 1161 2884 ct

36 2901 128 2952 eoelum
145 2921 165 2954 a
186 2901 337 2970 cavatione]
357 2903 422 2954 coni.
465 2909 493 2949 ct
511 2909 600 2950 cavete
619 2901 751 2951 cavirione
768 2901 886 2954 FGHab.
924 2911 952 2952 ct
971 2920 1067 2954 canace
1087 2904 1162 2953 cavi-

36 2971 130 3027 riorec.
223 2991 241 3024 a
258 2974 362 3038 covoJa
378 2989 428 3028 om.
445 2972 519 3024 codd.
543 2971 583 3023 Ad
602 2971 626 3026 ir.
641 2973 657 3023 Ι.
676 2973 709 3025 ct.
723 2973 824 3041 Apulei.
839 2971 871 3024 de
886 2973 983 3041 dipbtb.
1001 2979 1099 3042 p.135.
1114 2977 1160 3027 Os.

136 3075 192 3141 21.
217 3089 365 3159 Augurum
389 3087 476 3154 nom]
499 3089 539 3142 ue
564 3085 603 3140 us
627 3088 682 3139 otu
699 3088 797 3139 nerum
818 3087 986 3141 Etruscarum
1003 3089 1058 3154 1u‚
1083 3094 1117 3154 s,
1134 3095 1160 3144 5.

37 3163 163 3226 murdse.
195 3179 276 3212 messe
294 3166 355 3213 cett.
374 3166 404 3210 ut
421 3176 463 3224 vg.
613 3158 715 3229 quati.
736 3161 893 3223 Augustinus
911 3161 937 3211 iu
955 3177 1008 3226 urg.
1027 3177 1061 3213 ex
1080 3161 1161 3216 libris.

38 3233 100 3298 quod
115 3234 176 3286 FH.
211 3249 263 3304 quo
281 3237 343 3284 cett.
377 3231 437 3282 Hoc
455 3229 503 3299 qui
519 3231 603 3282 Varro
622 3229 743 3281 adbibere
762 3231 829 3281 solet
845 3231 1045 3297 iustrumentaii,
1070 3240 1113 3285 ut·
1125 3233 1161 3284 ita

39 3301 125 3369 dicam,
151 3321 223 3358 casu.
242 3321 266 3356 v,
285 3305 318 3367 V,
336 3305 395 3354 124.
415 3306 476 3353 166.
499 3301 553 3364 vi,
570 3305 614 3351 82.
728 3300 791 3350 binc
809 3302 921 3371 quodie
938 3303 967 3354 in
982 3304 1161 3368 Lati01cont.
1267 3308 1278 3318 “

38 3370 79 3422 troc
95 3393 153 3426 cum
172 3375 216 3425 bis
234 3373 272 3441 (is
290 3374 328 3441 c.)
346 3374 374 3424 in
393 3371 479 3432 latino
498 3370 581 3438 (lotio
598 3369 643 3436 F.)
663 3369 738 3426 codd.
781 3371 830 3424 hoc
856 3391 914 3424 cum
939 3375 968 3425 in
985 3373 1072 3424 latino
1094 3375 1118 3424 is
1137 3391 1161 3426 a.

39 3441 72 3495 lle
88 3445 128 3497 tir
146 3465 171 3501 v.
190 3446 224 3497 ad
242 3449 266 3510 S.
280 3450 323 3498 le.
357 3446 399 3498 De
415 3443 528 3496 contusis
546 3460 623 3512 quom
642 3448 668 3493 et
686 3441 759 3512 quod
774 3460 797 3496 v.
814 3444 899 3498 Praei,
988 3445 1050 3494 hinc
1068 3446 1166 3494 Graeci·

39 3513 568 3640 ittet‘tettotttfttttt
581 3515 663 3637 tit
681 3515 1161 3640 tottii,dittt'ttttt

40 3653 104 3708 deest
120 3627 226 3729 propter
241 3661 370 3712 Graecum
385 3607 496 3724 utorium
511 3663 537 3709 et
555 3625 688 3724 sequentia
705 3674 756 3711 uon
774 3605 912 3710 iuliilecta.
933 3658 1059 3712 Concedit
1068 3661 1161 3725 Varro,

40 3725 150 3783 Latinum
166 3733 291 3784 terminus
310 3746 387 3798 posse
405 3731 482 3781 etiam
499 3728 643 3798 protectum
662 3745 719 3780 esse
737 3746 753 3780 a
771 3731 875 3781 Graeco
891 3733 1000 3798 τέρμων.

141 3841 193 3907 22.
217 3853 264 3906 via
282 3853 392 3917 sicut‘]
411 3855 477 3906 coni.
520 3852 580 3904 vius
598 3851 703 3927 quidem
721 3851 782 3902 Fae.
819 3850 864 3902 via
883 3850 1012 3922 siquidem
1029 3853 1064 3904 G.
1101 3852 1161 3904 vita

41 3920 159 3992 siquidem
179 3927 214 3979 H.
250 3926 296 3976 oia
315 3923 419 3995 quidem
437 3925 463 3976 b.
501 3925 577 3976 Meae
598 3925 705 3987 ,lectioni
724 3923 818 3986 officit,
844 3923 912 3988 qnod
931 3940 980 3976 non
999 3925 1161 3989 intelligitur,

42 3995 95 4058 quid
111 3999 166 4050 viae
186 4013 317 4050 commune
337 3996 370 4048 sit
388 4013 445 4048 cum
463 3995 586 4059 terendo,
611 4011 669 4047 nam
687 3995 719 4045 de
738 3994 868 4046 vocabulis
886 4011 900 4046 a
919 3995 1025 4047 terendo
1039 3996 1161 4048 derivatis

42 4063 143 4130 loquitor
165 4072 256 4122 Varro.
292 4070 364 4135 Pape
389 4069 464 4120 Lect.
481 4069 555 4118 Varr.
582 4085 606 4134 p.
623 4071 722 4122 onst.
741 4065 870 4132 quomodo
896 4069 980 4118 locum
1004 4068 1160 4134 interprete-

43 4139 90 4199 tur,
113 4157 162 4192 uon
180 4142 242 4193 satis
261 4155 390 4206 assequor.
428 4141 521 4190 Restat
539 4137 634 4206 aliquid
658 4137 719 4188 vitii.
885 4137 940 4202 itu]
959 4140 1025 4190 coni.
1062 4138 1160 4188 iterum
1202 4145 1205 4152 '

44 4209 108 4258 codd.
146 4215 197 4264 Sed
222 4229 246 4262 r.
265 4213 296 4274 V,
313 4216 357 4264 35.
384 4217 410 4263 et
437 4210 569 4275 Digestor.
594 4208 671 4271 vill,
695 4213 721 4258 3.
766 4207 835 4270 ltus,
862 4209 959 4272 aditus,
990 4209 1100 4261 ambitur
1126 4210 1162 4260 ud

44 4290 191 4335 monumenta
216 4289 291 4334 notus
317 4289 363 4335 est.
491 4279 621 4344 errabitur]
640 4279 671 4330 ct.
690 4279 784 4330 Festus
802 4295 823 4329 s.
842 4295 865 4330 v.
902 4281 1036 4333 Heiueccii
1054 4281 1158 4346 Antiqu.

44 4346 109 4402 lloru.
124 4354 161 4420 ll,
180 4361 205 4421 ³,
224 4358 249 4408 4.
364 4352 421 4404 sola
439 4352 501 4418 ieri]
521 4349 576 4402 solo
594 4350 645 4401 teri
661 4351 728 4403 coni.
752 4351 866 4403 Turtteb.
885 4353 1012 4419 Scaliger.
