2866 4812
423 262 461 366 1.
491 270 567 349 106
587 301 637 324 -
660 276 767 402 ¹⁰⁷⁶.
1082 266 1163 342 tos

141 452 219 522 Per
249 453 431 524 laetitiam
461 452 619 551 liquitur
648 455 807 526 artimus.
1175 488 1225 561 Ψ

39 567 258 669 Aliquando
290 569 492 670 liquitur
523 571 656 647 fictum.

131 699 224 774 107.
265 698 383 776 Multa
407 699 501 798 apud
526 708 646 799 politas
669 701 804 801 reliqna
825 727 902 778 esse
920 701 1047 796 verba,
1076 697 1202 802 qino-6

38 831 107 876 rum
139 805 290 904 origines
320 804 457 901 possint
490 803 581 899 dici,
612 830 684 880 non
714 803 855 912 dubito,
891 817 931 881 ut
953 804 1047 906 apud
1071 804 1163 881 Nae·

38 908 124 978 vium
149 907 188 980 in
212 906 389 978 Hesiona:

251 1011 442 1104 ,erzimvero
474 1010 598 1103 gladii
631 1012 843 1108 lingula,

40 1106 222 1208 alingua3
257 1109 296 1181 in
321 1105 511 1181 Clastidiot

86 1213 98 1242 ⁸
254 1213 545 1308 vitulantcs,

37 1311 209 1408 avitula3
236 1313 274 1384 in
299 1309 415 1385 Dolo:

255 1429 488 1511 caperata
514 1415 673 1508 fronte,

36 1539 53 1585 a
77 1539 203 1615 caprae
227 1514 342 1590 fiante
354 1543 367 1612 3
404 1516 443 1588 in
467 1516 671 1591 Demetrio:

36 1718 90 1784 Vll,
115 1717 162 1772 70.
186 1721 254 1774 iuter
278 1737 308 1774 se
331 1726 504 1790 opponuntur.
672 1718 766 1787 malet]
791 1719 832 1774 ed.
852 1720 933 1789 princ.
979 1717 1073 1770 mallet
1091 1719 1169 1774 codd.

36 1789 161 1858 Atilium]
187 1792 272 1844 Huius
295 1792 397 1845 dnobus
414 1793 546 1859 versibus,
571 1793 616 1859 qui
634 1797 725 1846 exunt
742 1793 811 1862 apud
830 1790 952 1848 Bothium
969 1791 1001 1846 P.
1021 1791 1065 1845 Sc.
1084 1792 1116 1846 L.
1135 1794 1168 1860 V,

34 1859 61 1912 ll.
77 1880 103 1931 p.
114 1866 177 1926 ³6„
203 1863 269 1916 hunc
285 1863 352 1917 adde
370 1865 484 1918 tertium.-

143 1951 187 2004 Ad
204 1955 229 2017 §-
248 1957 309 2006 lor.
335 1959 362 2006 et
386 1957 447 2006 los.
472 1953 582 2006 multum
606 1951 688 2004 refert
711 1952 795 2018 scire,
829 1967 863 2005 ex
888 1967 999 2020 quonam
1022 1953 1102 2021 posits
1128 1950 1169 2006 hie

36 2024 148 2091 exposita
166 2026 249 2092 petita
266 2025 326 2076 ¹sint.
373 2024 426 2077 Alii
444 2041 459 2076 a
477 2024 595 2092 pluribus
613 2030 640 2077 et
657 2024 766 2077 diversis
791 2026 877 2092 poetis
895 2041 927 2076 ea
945 2027 1091 2092 repetiere,
1116 2039 1169 2090 ego

35 2097 112 2147 onnia
129 2095 164 2146 ab
182 2111 234 2148 nuo
248 2095 356 2148 Naevio.
393 2095 479 2147 Huius
497 2097 566 2148 enim
585 2096 661 2147 unius
678 2111 773 2148 nomeu
787 2111 803 2147 a
817 2096 935 2150 Varrone
954 2097 1074 2165 ponitur3
1094 2093 1170 2147 huius

34 2172 100 2218 erant
120 2173 229 2234 praeter
256 2167 399 2219 Hesionam
426 2166 589 2233 tragoediam
614 2167 764 2220 comoediae
792 2167 932 2220 Clastidius
957 2167 1003 2234 (r.
1022 2167 1077 2232 lX,
1099 2166 1169 2234 111),

34 2235 157 2290 Romulus
177 2237 257 2304 (vll,
275 2236 350 2304 54),
382 2237 526 2290 Tarentilla
552 2237 634 2305 (quse
657 2252 705 2290 cur
728 2239 842 2290 Pacuvio
865 2239 1000 2306 eripienda
1024 2239 1073 2303 sit,
1102 2238 1170 2290 inira
1255 2295 1260 2311 .

35 2306 136 2376 dicam),
155 2308 337 2373 Tunicularia,
362 2307 474 2375 deniqne
491 2307 588 2361 bellum
606 2310 746 2373 Punicum,
765 2309 836 2376 qnod
854 2311 973 2362 consulto
991 2315 1050 2377 post
1068 2309 1170 2361 tabulas
1300 2304 1304 2312 '

34 2376 176 2433 Naevianus
194 2382 286 2433 ultimo
304 2382 364 2432 loco
380 2386 547 2433 memoratur.
593 2379 686 2448 Neque
704 2381 771 2431 alter
789 2381 959 2432 demonstrari
977 2385 1064 2447 potest
1081 2381 1169 2447 poitur,

34 2452 100 2504 cuius
117 2469 211 2505 versus
230 2451 272 2504 hic
290 2452 437 2505 aVarrone
454 2451 614 2516 adhiheatur,
633 2453 681 2504 nisi
700 2451 768 2503 loric
786 2451 928 2520 Turpilius,
947 2452 992 2516 qni
1009 2451 1170 2504 Demetrium

32 2520 139 2576 fabulam
164 2524 278 2591 scripsit.
324 2524 361 2575 st
386 2522 519 2591 Tu'rpilins
547 2538 606 2579 cum
630 2539 645 2574 a
668 2523 786 2577 Varrone
813 2525 838 2574 iu
865 2523 969 2588 reliquis
994 2522 1170 2589 librisplane

32 2593 176 2661 ignoretur,
202 2596 281 2647 etiam
298 2591 349 2646 hoc
366 2593 540 2660 fragmentum
558 2591 658 2647 Naevio
677 2594 761 2646 cedet.
805 2593 855 2646 Cui
872 2592 1041 2661 disputationi
1058 2590 1080 2645 si
1100 2593 1170 2645 forte
1262 2622 1269 2628 -

33 2665 131 2736 obloqui
149 2667 246 2736 possis,
264 2665 314 2719 hoc
331 2671 418 2718 tamen
436 2667 537 2718 viucsm
554 2671 724 2732 argumento:
742 2665 886 2719 Varronem
904 2665 973 2731 dico,
990 2670 1050 2735 post
1062 2671 1169 2732 tragoe-

32 2735 94 2790 diam
117 2740 278 2804 Hesionam,
302 2732 452 2790 comoedias
476 2753 566 2790 omues
588 2753 622 2790 ex
645 2739 777 2792 literarum
802 2738 892 2790 ordine
917 2737 1075 2806 disposuisse
1094 2737 1170 2804 (sunt

33 2807 192 2868 Claudius,
210 2808 307 2875 Dolus,
323 2809 494 2871 Demetrius,
510 2808 678 2878 Lampadio,
695 2808 812 2880 Nugida
830 2808 977 2875 Romulus,
995 2808 1170 2880 Stigmatias‚

34 2879 193 2945 Technicus,
222 2878 390 2945 Tarentilla,
417 2879 626 2948 Tunicularia),
652 2897 730 2950 quem
747 2879 865 2935 ordinem
883 2881 957 2950 sequi
980 2880 1099 2950 proiecto
1116 2894 1169 2934 nou

31 2957 144 3020 poterat,
176 2953 229 3006 nisi
245 2953 272 3006 iu
290 2952 384 3005 tabulis
401 2951 478 3004 unius
495 2953 598 3020 positae.

137 3066 214 3131 107.
244 3073 378 3143 Hesiona]
404 3075 493 3128 Aldus.
536 3073 629 3136 asiana
652 3074 700 3127 Fa.
743 3075 862 3128 esionam
881 3074 943 3128 GH.
979 3087 1029 3126 om.
1054 3070 1119 3126 haec
1142 3072 1169 3125 h.

31 3149 169 3218 eumaem]
192 3149 225 3204 F.
274 3165 336 3199 vera
363 3147 456 3212 GHa.,
489 3146 602 3211 scilicet,
635 3146 695 3212 qnia
719 3147 787 3213 sigla
812 3163 838 3201 v.
863 3145 947 3212 enim,
974 3163 1018 3201 n..
1049 3145 1169 3214 proximo

31 3225 122 3277 nomini
141 3226 303 3278 accreverat.
339 3220 419 3288 Apud
437 3219 552 3272 Gellium
569 3217 609 3283 X,
626 3221 678 3283 25,
695 3221 723 3272 3.
760 3217 852 3271 Naevii
870 3233 960 3271 versus
975 3218 1014 3271 sic
1032 3218 1145 3284 legitur:

138 3311 205 3364 Sine
223 3309 287 3361 mihi
304 3327 395 3378 gerere
412 3327 509 3360 marem
526 3307 620 3362 videar
637 3304 749 3377 lingua,
767 3324 858 3359 verum
875 3306 996 3378 lingula,

31 3391 105 3469 iente,
123 3408 201 3472 putq,
217 3401 267 3453 nisi
284 3400 354 3468 quod
371 3415 419 3469 pro
437 3398 494 3450 sine
512 3398 674 3452 scribendum
694 3399 815 3452 existimo
832 3417 873 3450 ne.
910 3396 1096 3450 ltuTelamou
1112 3394 1168 3448 sire

31 3473 90 3526 alius
107 3477 169 3541 quis
187 3478 278 3537 cavet,
294 3488 328 3524 ne
346 3472 440 3536 verbis,
458 3486 510 3523 nou
527 3471 616 3537 gladio
630 3471 718 3523 valere
734 3476 761 3522 et
778 3471 828 3524 sihi
846 3472 902 3538 ipse
920 3470 1024 3536 placere
1040 3467 1166 3520 videatur.

31 3545 127 3598 Gellius
153 3552 244 3598 autem
269 3561 327 3596 cnm
351 3559 454 3596 versum
479 3547 600 3596 accurate
622 3543 721 3595 referre
744 3542 877 3595 videatur:
909 3540 1003 3592 verba:
1035 3537 1167 3588 enimvero

28 3615 126 3684 gladii,
157 3633 212 3670 uon
230 3632 263 3668 eo
287 3617 346 3667 loco
369 3616 455 3683 posita
472 3630 530 3666 esse
555 3621 677 3683 possunt,
704 3629 757 3681 quo
781 3612 850 3681 apud
868 3611 1013 3664 Varronem
1035 3611 1167 3677 leguntur,

30 3688 130 3742 sedvel
148 3688 284 3756 sequentis
300 3701 390 3741 versus
406 3685 481 3740 initio
498 3686 666 3756 superaddite
684 3692 760 3741 erant
776 3685 810 3738 ab
828 3686 886 3753 ipso
904 3685 1000 3752 posta:

117 3809 119 3817 .
138 3769 284 3819 Enimvero
301 3763 392 3837 gladi,

29 3849 64 3900 vel
82 3865 117 3903 ex
135 3851 294 3916 glossemate
310 3847 478 3914 irrepserunt.
505 3843 592 3898 Bothe
603 3846 636 3899 P.
646 3847 691 3900 Sc.
702 3845 734 3900 L.
745 3845 777 3911 V,
788 3845 809 3898 l.
824 3863 849 3914 p.
860 3847 905 3899 85.
1020 3842 1049 3894 in
1064 3839 1167 3894 Clasti-

29 3917 78 3985 dio]
97 3920 189 3973 Bothe
205 3921 236 3974 P.
249 3921 292 3973 Sc.
307 3919 340 3972 L.
354 3918 388 3983 V,
403 3916 439 3969 ll.
457 3920 536 3984 p.13.
650 3918 734 3984 Dola]
752 3917 828 3971 codd.
865 3913 1009 3967 Duloreste
1027 3931 1070 3981 vg.
1087 3915 1166 3966 lectio

28 3988 58 4040 uh
74 3991 306 4061 interpolatorihus
323 3992 439 4042 inventa:
464 3990 507 4040 cui
524 4003 558 4042 ex
576 3989 635 4042 loco
652 3991 848 4058 corruptissimo
865 3987 974 4041 Pacuvii
992 4003 1033 4053 ap.
1053 3985 1167 4040 Nonium

28 4064 219 4117 enitentem
237 4065 335 4132 piat.
353 4061 437 4114 Mera.
461 4061 505 4112 vix
528 4060 667 4127 quidquam
693 4062 756 4116 hdei
776 4061 877 4118 adstrui
895 4057 999 4128 poterit.
1042 4055 1167 4112 Ceterum

29 4131 147 4200 Scaliger
165 4138 244 4188 etiam
262 4137 288 4187 in
307 4133 386 4186 Nouii
409 4130 481 4184 libris
504 4132 609 4200 scriptis
627 4138 732 4187 exara:
757 4131 898 4184 Pacuvius
921 4130 950 4180 in
967 4126 1054 4193 Dolo,
1081 4131 1166 4182 etsie
1222 4179 1231 4191 ,

27 4203 168 4269 significari
186 4207 352 4259 Duloresten
373 4203 498 4265 affirmat3
528 4209 556 4256 et
572 4205 706 4259 Duloresti
722 4205 802 4259 verba
818 4220 834 4257 a
852 4203 972 4256 Varrone
988 4198 1100 4254 adducta
1118 4201 1167 4252 tri·

28 4273 137 4330 buerunt
163 4293 223 4332 cum
247 4277 336 4332 multis
361 4277 439 4328 etiam
465 4272 553 4328 Bothe
575 4276 608 4328 P.
627 4278 672 4330 Sc.
690 4277 723 4329 1..
741 4277 775 4341 V,
794 4280 827 4328 1:
845 4293 871 4344 pr
894 4277 955 4328 118.
981 4271 1012 4322 lr.
1030 4274 1056 4322 9.
1079 4276 1106 4323 et
1129 4269 1166 4322 H.

28 4345 149 4417 sttegiita
168 4350 204 4404 de
221 4351 260 4404 Μ.
279 4352 343 4406 Paa-
361 4347 421 4400 Dul.
439 4365 465 4416 p.
480 4348 525 4399 94·
544 4345 577 4399 ir.
592 4350 637 4402 19.
665 4347 698 4402 cl.
712 4367 738 4418 p.
750 4349 795 4402 24.
809 4351 856 4404 28.
970 4340 1119 4409 Demetrio]
1137 4341 1168 4397 lu

732 4443 812 4510 11⁸
