2866 4812
258 213 343 292 251
675 243 798 288 rinno
837 242 983 314 nouus.

203 427 331 502 557an
357 403 513 500 sequitur
544 401 705 474 formam.
767 400 894 472 Utrum
930 403 967 472 in
997 398 1151 474 secunda
1180 399 1295 472 forma
1325 425 1401 472 vcr-

200 499 253 579 ιῖἁ
263 503 347 578 bum
378 502 566 601 temporale
590 500 717 574 habeat
749 502 786 572 in
816 512 968 575 extrema
1000 501 1135 602 syllaba
1157 495 1225 574 AS
1252 527 1301 571 an
1330 501 1398 591 IS,

266 606 326 678 *ad
352 604 598 678 discernendas
632 600 927 676 dissimilitudines
953 605 1115 678 interest:
1136 655 1138 662 ι
1156 603 1325 700 quocirca
1355 601 1402 674 ihi

261 709 379 806 potius
408 706 513 778 index
545 704 746 804 analogiae„
785 728 889 801 quam
911 707 948 775 in
971 708 1103 802 prima,
1139 703 1313 802 quodibi
1340 702 1400 776 ob-

263 821 378 887 strusa
403 819 457 880 est
480 806 736 897 dissimilitudo,
763 817 803 876 ut
825 818 967 904 apparet
990 809 1028 891 in
1049 808 1123 879 his:
1154 832 1263 898 meo,
1292 833 1317 876 n
1331 832 1397 897 eo,

189 925 366 1005 (ineru03
408 907 453 980 ab
485 909 541 980 his
571 903 665 981 ‘enim
683 905 874 979 ‘dissimilia
899 907 989 980 fiunt
1017 911 1187 1000 transitu,
1226 906 1326 1004 quod
1353 910 1399 978 sic

263 1013 447 1084 dicuntur:
484 1037 583 1100 meo,
612 1035 750 1104 meas,
790 1035 877 1101 neo,
905 1036 1005 1104 nes,
1042 1037 1127 1103 ruo,
1154 1011 1272 1103 ruis,
1313 1034 1398 1106 quo·

180 1147 183 1153 ¹
261 1140 340 1185 rum
365 1111 638 1210 unumquodque
658 1137 756 1192 suam
778 1123 960 1184 conservat
980 1110 1213 1184 similitudinis
1233 1109 1395 1182 formam.

200 1246 255 1322 65
364 1247 455 1322 110.
489 1247 691 1348 Analogian
716 1251 798 1323 item
824 1249 867 1322 de
889 1247 945 1321 his
965 1275 1055 1347 quae
1079 1246 1300 1347 appellantur
1320 1272 1396 1343 par-

261 1352 400 1449 ticipia,
437 1351 697 1450 reprehendunt
729 1351 837 1424 multa
870 1353 1017 1446 iniuria3
1053 1377 1134 1422 nam
1167 1374 1239 1422 non
1272 1347 1398 1420 debent

201 1453 332 1540 codici
365 1464 464 1526 terna
494 1452 538 1525 ab
572 1452 718 1551 singulis
748 1451 884 1526 verbis:
926 1464 1183 1552 amaturus,
1223 1475 1395 1540 amans,

259 1564 454 1648 amatus,
491 1555 586 1652 quod
612 1566 665 1627 est
694 1552 738 1626 ab
765 1581 864 1647 amo,
898 1579 1019 1626 amans
1051 1565 1086 1625 et
1115 1564 1321 1643 amaturus,
1357 1551 1398 1622 ab

259 1682 358 1729 amor
372 1742 376 1752 Ι
390 1665 539 1728 amatus.
594 1655 710 1749 Illud,
752 1655 911 1755 analogia
939 1655 1036 1752 quod
1067 1664 1244 1753 praestare
1278 1652 1395 1745 dehet,

259 1759 297 1828 in
322 1781 386 1835 suo
413 1756 567 1853 quidque
589 1783 715 1854 genere
739 1755 847 1829 habet
872 1783 997 1847 casus,
1025 1769 1064 1829 ut
1088 1767 1239 1848 amatae,
1269 1767 1395 1846 amato,

259 1869 294 1930 et
319 1859 442 1949 amati,
468 1859 612 1950 amatis3
638 1858 747 1928 etsie
770 1859 807 1928 in
830 1857 1034 1931 mulieribus
1056 1868 1169 1930 amata
1190 1868 1225 1930 et
1242 1868 1394 1928 amatae:

164 1964 168 1970 ’
259 1962 342 2032 item
367 1969 544 2030 amaturus
569 1958 818 2031 eiusdemmodi
842 1956 949 2029 habet
974 1958 1243 2052 declinationes,
1278 1983 1396 2028 amaus

170 2099 175 2108 ·
259 2060 364 2158 paulo
390 2061 509 2155 aliter,
537 2060 635 2157 quotl
657 2059 724 2133 hoc
750 2087 861 2160 genus
883 2062 999 2133 omnia
1020 2071 1102 2132 sunt
1125 2063 1162 2132 in
1183 2085 1247 2132 suo
1271 2085 1395 2158 genere

259 2161 386 2234 similia
405 2165 651 2260 proportione,
676 2164 731 2234 sic
754 2162 868 2234 virilia
889 2173 924 2236 et
947 2160 1131 2235 muliebria
1154 2173 1236 2234 sunt
1261 2161 1392 2234 eadem.

197 2289 253 2364 dt
363 2293 452 2370 111.
493 2297 550 2370 De
572 2323 635 2390 eo,
671 2295 767 2397 quod
791 2300 829 2371 in
853 2300 968 2396 priore
990 2299 1082 2374 libro
1107 2310 1301 2373 extremum
1329 2311 1393 2392 est,

259 2391 337 2474 ideo
370 2426 450 2473 non·
473 2425 551 2474 esse
581 2398 785 2499 analogian,
825 2401 920 2499 quod
945 2404 1007 2499 qui
1036 2402 1080 2474 de
1112 2429 1153 2474 ea
1177 2403 1393 2500 scripserint,
1431 2428 1432 2447 ι

218 2565 221 2581 ,
260 2515 321 2575 aut
344 2505 495 2574 intense
520 2528 592 2574 non
614 2504 844 2594 conveniant,
869 2514 933 2582 ¹aut
956 2509 994 2574 in
1018 2502 1146 2601 quibus
1172 2506 1393 2598 conveniant,

260 2607 302 2676 e'a
328 2627 421 2675 cum*
435 2602 686 2676 consuetudine
717 2603 932 2702 discrepent:
973 2605 1167 2678 amovebis*
1193 2616 1393 2704 utrumque.

203 2705 324 2805 apsis
358 2705 450 2776 enim
484 2706 596 2776 omnis
630 2704 882 2801 repudiandum
919 2707 984 2777 crit
1017 2709 1124 2798 artis,
1164 2706 1259 2807 quod
1293 2719 1331 2779 ct
1362 2709 1396 2778 in

260 2805 432 2877 medicina
469 2816 504 2878 et
537 2806 575 2876 in
609 2807 742 2878 musica
784 2816 821 2878 et
853 2807 891 2876 in
929 2807 1005 2878 aliis
1042 2809 1161 2881 multis
1199 2809 1396 2907 discrepant

258 2909 470 3007 scriptores,
509 2909 590 2982 item
613 2908 652 2980 in
679 2904 807 3008 quibus
830 2911 1061 3006 conveniunt,
1076 2903 1100 2937 '*
1113 2911 1274 3010 scriptis*
1293 2913 1395 2984 etiam

374 3117 447 3184 109.
476 3133 632 3207 utrumque]
650 3133 800 3204 Scioppius.
836 3141 950 3205 uterque
966 3132 1042 3188 codd.
1061 3133 1108 3188 sed
1122 3133 1155 3188 de
1169 3151 1192 3188 a.
1211 3149 1264 3188 non
1284 3142 1392 3188 constat.

258 3197 457 3268 verbum]coni.
481 3203 621 3258 verborum
634 3207 711 3261 codd.
789 3204 850 3272 *ad]
863 3205 994 3260 Rholand.
1021 3215 1053 3256 at
1065 3207 1090 3258 si
1100 3205 1139 3272 (si
1152 3223 1202 3260 om.
1211 3207 1258 3274 F.)
1268 3207 1308 3256 ad
1321 3208 1393 3262 codd

259 3271 397 3343 abstrusa]
412 3277 514 3343 scripsi.
550 3274 661 3328 obstrusa
674 3280 709 3333 G.
746 3273 859 3329 obtrusa
875 3277 911 3330 H.
947 3275 1076 3329 abstrusa
1091 3277 1139 3332 Fa.
1237 3279 1300 3346 ruo]
1321 3280 1392 3334 codd.

258 3344 325 3396 celto
337 3362 380 3412 vg.
399 3353 427 3400 et
440 3348 479 3400 sic
492 3346 585 3401 deinde
597 3347 680 3404 veiis.
717 3348 771 3402 Sed
785 3348 848 3402 illud
857 3350 981 3403 Varronis
997 3349 1104 3401 consilio
1122 3365 1173 3402 non
1189 3350 1274 3402 minus
1291 3367 1392 3404 accom-

258 3415 392 3470 modatum
409 3423 456 3472 est.
562 3436 631 3476 mco,
648 3421 732 3484 naas]
751 3422 801 3474 Ga.
836 3437 936 3472 noeoas
952 3426 1014 3474 cett.
1030 3420 1107 3474 codd.
1143 3421 1254 3474 Codices
1274 3423 1354 3478 etiam
1370 3424 1392 3474 in

258 3489 384 3556 proximis
397 3489 522 3560 expressi.
581 3491 672 3558 suam]
686 3491 764 3546 GHa.
787 3507 855 3544 suas
867 3497 929 3546 cett.
985 3491 1118 3564 formam]
1128 3492 1190 3546 GH.
1208 3492 1322 3563 formas
1336 3500 1390 3548 cett.

358 3595 444 3734 bllo.
470 3607 677 3687 reprehendunt]
694 3613 835 3735 v111‚bss.
953 3615 1110 3685 amaturus]
1127 3611 1151 3670 d.
1176 3622 1207 3670 nt
1223 3615 1345 3685 videtur,
1366 3625 1391 3670 nt

259 3699 356 3808 iia?
371 3684 661 3824 ..itti'f'idilu
686 3702 772 3809 ausi.
795 3685 881 3756 Μ]
899 3685 1390 3828 Vinii-'iiiiamiiinndmiiil

259 3827 385 3896 Spengel.
498 3825 695 3895 eiusdemmodi]
713 3829 763 3882 Ga.
806 3825 937 3880 eiusmodi
953 3836 1015 3885 cett.
1034 3831 1111 3884 codd.

356 3924 446 3992 111.
474 3957 531 3994 esse
549 3941 708 4014 analogian]
727 3943 794 3997 coni.
812 3947 914 4014 scripsi.
948 3956 991 3998 est
1008 3946 1138 4019 analogia
1156 3947 1232 4002 codd.
1331 3968 1389 4002 con-

258 4011 401 4076 suetudine
419 4012 578 4082 discrepent]
593 4015 659 4067 coni.
696 4015 897 4069 consuetudinis
915 4017 1067 4088 discrepant
1083 4019 1160 4072 codd.
1200 4059 1203 4064 .
1236 4020 1389 4086 amcaebir']

260 4086 327 4136 coni.
369 4085 430 4137 Hoc
455 4088 541 4154 aptius
566 4085 678 4138 iortmse
702 4089 848 4156 reperietur
873 4090 997 4156 verbum3
1025 4090 1073 4143 sed
1098 4107 1189 4145 sensus
1213 4099 1320 4160 apertus
1343 4100 1388 4145 est.

195 4190 205 4202 .
259 4153 345 4204 verbis
363 4155 438 4208 codd.
483 4155 562 4214 Quod
585 4156 609 4209 si
631 4162 735 4210 tenetur
754 4163 781 4211 et
798 4174 832 4211 ex
850 4161 926 4214 codd.
950 4162 1001 4215 fide
1026 4171 1172 4234 atrumque
1195 4163 1318 4216 scribitur
1335 4163 1388 4230 (vg.

259 4225 355 4309 legitur
374 4229 540 4298 utcunque):
559 4227 633 4296 plura
651 4229 742 4282 deesse
760 4230 893 4300 videntnr3
911 4233 979 4287 unde
992 4235 1104 4300 lacunae
1118 4235 1193 4301 signa
1206 4236 1293 4302 posuit
1305 4233 1388 4304 Spen-
1431 4232 1432 4237 ’

260 4298 350 4364 getius.
400 4295 443 4348 Ex
467 4302 531 4353 meis
555 4300 697 4354 rationibus
729 4307 788 4370 post
812 4300 876 4359 haec
899 4323 939 4360 vv.
966 4305 1043 4376 piene
1069 4306 1302 4376 interpungendum
1329 4313 1386 4362 erat.
