2866 4812
431 220 469 320 g.
497 235 546 313 97
576 256 619 270 -
650 231 733 297 102.
1082 153 1175 284 150

148 415 221 482 Pol
246 409 506 508 ietoeqaiclem
527 431 595 475 nou
611 407 736 501 pretio
757 400 980 498 perfacile*
996 415 1050 472 est
1070 402 1164 493 sre-

379 522 578 606 quentare;

148 618 210 685 Ita
236 618 274 685 in
298 615 469 710 pramlio
495 635 562 682 nos
588 611 710 704 lepide
732 635 778 680 ac
802 609 918 680 nitide
942 608 1140 700 accepisti,-

44 746 176 831 epparet
201 735 338 807 dicere:
368 733 469 816 facile
491 741 544 806 est
566 754 688 804 curare
712 739 752 800 ut
774 729 942 820 desimus,
974 748 1080 825 quom
1099 728 1227 808 tamuz

45 836 122 908 bene
147 863 212 910 nos
238 838 402 933 accipias.

65 1008 68 1018 ν
135 963 227 1037 100.
245 1071 246 1076 ¹
274 962 385 1064 Apud
409 965 584 1037 Ennium:

151 1091 354 1161 Decretum
378 1077 602 1180 fossuri*
629 1107 790 1178 corpora
815 1084 909 1152 telis:

46 1208 119 1280 Hoc
145 1210 292 1282 verbum
318 1208 428 1280 Ennii
448 1206 579 1279 dietum
604 1229 624 1273 a
649 1198 834 1294 fodieud03
869 1225 889 1270 ιι
915 1223 985 1297 quo
1006 1197 1141 1270 fosse.

140 1357 229 1431 101.
265 1354 378 1455 Apud
404 1354 586 1426 Ennium:
617 1340 621 1350 ⁴

150 1483 298 1554 vocibus
324 1479 498 1562 cornetae,
523 1477 598 1566 jae
623 1477 675 1544 ie*
699 1485 835 1542 mosset
858 1471 1029 1560 obrutus;
1176 1477 1229 1524 100

47 1625 240 1674 mussare
273 1601 426 1690 dictum,
467 1594 562 1694 quod
594 1594 681 1665 m‘uti
714 1617 785 1663 non
815 1590 962 1687 amplius
987 1615 1091 1688 quem
1116 1594 1169 1687 μῦ

46 1701 177 1800 dieunt}
219 1727 332 1800 aquo
354 1695 447 1772 idem
473 1699 577 1808 dicit,
605 1695 642 1766 id
667 1693 762 1792 quod
785 1694 965 1763 minimum
989 1703 1063 1763 est:

266 1849 383 1919 neque
411 1838 451 1894 at
479 1825 603 1909 aiant,
635 1823 686 1915 pii
705 1819 844 1910 facere
869 1815 1016 1887 aulient.
1183 1833 1235 1904 {re

139 1957 232 2031 102.
274 1956 385 2056 Apud
410 1957 625 2031 Pacuvium:

153 2084 230 2152 Dei
255 2086 440 2152 mouerint
464 2083 637 2172 meliora,
667 2094 776 2172 (etque
804 2075 1006 2147 amentiam

153 2186 494 2278 Averrnaeaeeiut3

51 2301 87 2372 ab
111 2305 296 2378 avertendo
323 2327 649 2393 averruncare,
677 2311 717 2372 ut
738 2298 823 2370 deus
846 2297 907 2395 qui
933 2293 1044 2365 ineis
1069 2289 1173 2363 rebus
1275 2299 1277 2305 “

50 2418 197 2501 praeest,
233 2402 554 2480 Auerruncus.
609 2404 734 2501 ltaque
754 2397 798 2472 ab
823 2424 865 2471 eo
886 2396 1022 2494 precari
1046 2392 1170 2484 solent,

50 2517 83 2576 ut
105 2507 259 2606 pericula
279 2518 423 2580 avertat.

52 2744 187 2797 quanquam
209 2732 296 2784 literas
314 2733 417 2786 eusdem
441 2733 495 2784 fere
519 2746 645 2798 agnosco,
670 2728 722 2780 rim
740 2741 764 2778 v.
781 2724 909 2791 frequens,
921 2721 1040 2776 desidero
1057 2721 1083 2772 iu
1096 2717 1174 2790 serre

52 2813 158 2866 queunte
177 2821 246 2874 quae
266 2814 376 2872 oportet.
460 2803 565 2872 opponi]
581 2802 655 2855 codd.
675 2798 765 2850 dubito
780 2813 812 2849 uu
827 2813 877 2848 non
890 2801 968 2847 recte.
1058 2789 1173 2854 eaedem]

52 2870 74 2921 in
91 2873 235 2927 Cistellaria
251 2875 279 2940 1,
298 2881 328 2940 1,
347 2881 388 2927 9-
401 2879 443 2928 11.
564 2873 616 2924 Pol
632 2872 711 2934 istoc]
731 2885 764 2922 ex
782 2869 869 2921 Plauti
888 2867 968 2918 libris.
1005 2863 1075 2916 Num
1090 2863 1174 2916 Varro

51 2939 108 2996 haee
126 2948 257 3014 posuerit,
276 2946 394 3012 dubium,
413 2962 472 2998 uum
487 2946 513 2997 in
527 2945 612 2996 FGH.
631 2940 810 2994 tautummodo
828 2945 869 2994 est
887 2957 916 3002 0,
935 2936 976 3002 (in
989 2935 1050 2987 GH.
1062 2935 1177 2985 iunctum
1237 2983 1241 2986 .

53 3029 104 3067 cum
123 3017 248 3086 dicant),
273 3019 299 3070 in
318 3019 359 3071 ub.
383 3017 445 3070 nihil
471 3023 529 3069 unte
547 3033 571 3067 v.
591 3011 703 3084 quidem.
867 3005 1023 3076 perfacile*
1038 3004 1090 3069 eut]
1109 3004 1176 3054 coni.

50 3089 182 3150 perterrti
201 3098 242 3140 eet
259 3089 290 3141 F.
327 3089 400 3140 tami
418 3098 459 3138 est
477 3089 547 3155 (esse
565 3085 616 3152 fl.)
636 3091 696 3136 cett.
716 3081 791 3136 codd.
832 3077 920 3148 facile
939 3085 980 3126 eet
997 3077 1085 3128 Plauti
1103 3076 1177 3138 libri;

54 3162 76 3206 et
98 3159 164 3215 idem
189 3160 343 3214 vocabulum
369 3161 447 3212 etiam
473 3160 541 3228 apud
565 3159 709 3209 Varronem
736 3153 830 3215 fuisse,
864 3149 976 3201 ostendit
1000 3148 1177 3216 interpretatio

53 3229 153 3284 adiectu.
181 3232 338 3356 bPerfacile
361 3241 401 3282 est
426 3232 504 3284 etiam
528 3235 611 3284 metro
636 3225 777 3290 satisfacit,
802 3223 953 3292 praesertim
978 3219 1000 3273 ei
1022 3216 1177 3289 persaculst

51 3304 180 3364 pronuncia
200 3309 265 3356 ntur.

100 3449 101 3456 κ
158 3412 230 3476 100.
259 3420 387 3484 unarum]
411 3420 488 3488 Apud
512 3419 642 3472 Merulam
664 3414 763 3466 nunu..
779 3412 831 3476 vi,
850 3413 894 3462 ιι.
922 3427 947 3476 ρ.
965 3412 1009 3459 ee.
1035 3406 1076 3458 eu.
1095 3405 1127 3456 ιι.
1144 3406 1174 3456 s.
1276 3413 1279 3434 =

50 3490 172 3564 sosium]
192 3498 290 3565 scripsi.
342 3501 384 3542 eet
401 3491 509 3562 seruari
534 3495 599 3544 coni.
639 3487 779 3554 columne,
804 3483 881 3534 Ennii
906 3479 997 3546 fragm.
1023 3497 1049 3546 p.
1067 3479 1110 3528 81).
1135 3475 1176 3528 ed.

54 3564 147 3622 Heseel.
183 3579 224 3622 eet
241 3579 315 3620 sture
332 3563 408 3617 codd.
1125 3552 1128 3557 ’

161 3674 233 3740 101.
261 3681 390 3746 Ennium]
416 3679 492 3748 Apud
516 3677 644 3730 nemum
665 3675 755 3729 inno.
774 3665 853 3734 vin,
872 3672 899 3722 9.
917 3685 942 3734 p.
958 3666 1018 3716 114.
1039 3662 1078 3716 eu.
1097 3663 1130 3715 u.
1149 3663 1177 3714 s.

57 3757 104 3809 Sed
120 3761 241 3814 trochaei
258 3757 346 3826 potius
362 3768 452 3806 versus
470 3750 716 3814 membratagnoseo
735 3759 811 3811 quem
831 3738 980 3792 hexametri.
1124 3732 1179 3804 soc
1253 3757 1258 3765 ·

55 3825 85 3876 ie*
103 3834 212 3898 messer]
225 3831 292 3886 euni.
324 3825 446 3896 facimus
462 3832 490 3873 et
508 3820 583 3874 codd.
613 3820 682 3890 foce
695 3823 795 3868 mosset
813 3829 871 3865 cum
887 3807 1011 3862 'turnebu
1028 3807 1179 3874 posuissem,

57 3900 75 3948 si
87 3903 123 3954 sie
137 3919 227 3956 versus
245 3902 298 3968 legi
315 3897 475 3951 satisfactum
488 3899 566 3946 esset.
679 3888 749 3939 idem
763 3885 841 3949 dicit]
856 3883 933 3962 Apud
949 3880 1076 3932 Merulam
1088 3877 1178 3930 Annei

58 3969 306 4042 v111‚.2e.p.11r.
326 3969 367 4022 ed.
386 3967 418 4018 E.
439 3969 482 4031 S„
508 3965 552 4016 ubi
570 3979 611 4014 vv.
630 3961 710 4030 Quod
726 3957 897 4010 murimum’sr
916 3953 1106 4017 coniunguntur
1120 3963 1179 4000 curn

57 4055 127 4098 versu
143 4045 276 4109 Enniano,
293 4055 436 4122 perperam
557 4033 587 4084 id
603 4032 684 4106 quod]
707 4031 801 4084 GHeb.
838 4025 910 4098 qaod
926 4024 955 4074 id
971 4023 1003 4074 F.

64 4159 70 4166 .
166 4158 238 4224 102·
267 4165 429 4232 Pacuvium]
447 4147 473 4216 111
491 4161 598 4228 Chryse.
634 4157 721 4214 Bothe
738 4159 769 4210 P.
789 4157 832 4210 Su.
850 4152 881 4206 L.
901 4151 934 4215 V,
953 4149 974 4200 Ι.
992 4165 1018 4216 p·
1032 4150 1092 4198 112.
1110 4145 1141 4198 fr·
1156 4148 1180 4196 1,

59 4238 125 4296 ldem
143 4246 215 4300 leone
231 4263 247 4298 a
265 4244 344 4299 Festo
364 4245 391 4298 et
410 4237 496 4292 Nouio
514 4234 640 4288 laudetur.
811 4223 845 4278 ab
862 4219 1015 4284 avertendo]
1034 4217 1179 4270 Turnebus.

59 4326 75 4358 0
90 4317 210 4368 vertendo
227 4315 303 4370 codd.
