2864 4814
360 318 362 326 .
472 245 561 347 §.9
591 257 731 326 -1a
1096 245 1149 320 π

35 445 95 506 tum
117 440 304 526 uocarunt,
335 431 470 507 dietum
496 458 517 504 a
543 457 646 534 sene,
681 429 777 529 quod
804 430 1046 531 longissimum
1069 459 1148 534 spa·

34 539 105 606 tium
124 534 413 609 senescendorum
439 535 618 610 hominum
639 532 676 605 id
696 545 870 631 putarant.
916 530 954 604 A
960 561 1082 620 evom
1104 536 1147 609 ab
1158 557 1212 626 [91

34 633 126 708 aetate
159 639 313 710 omnium
349 663 541 732 annorum3
560 717 568 736 ,
589 625 672 706 hirlc
702 638 1011 730 aeviternam,
1054 638 1150 737 quod

34 738 146 810 lactum
179 750 232 811 est
264 750 517 834 aeternum3
563 735 659 833 quod
692 735 821 808 Graeci
852 741 992 832 αἰῶνας
1032 739 1070 812 id
1101 742 1150 814 ait

34 839 235 939 Chrysippus
270 866 345 914 esse
378 839 439 922 dr>
471 835 519 922 iv·
569 838 631 911 Ab
658 864 700 912 eo
725 838 898 912 Plautus:

122 966 213 1034 'Non
239 966 357 1034 omnis
381 977 487 1035 aetas
515 965 568 1033 ad
590 965 883 1058 perdiscendum
906 976 960 1033 est
983 967 1090 1054 catis,

33 1077 100 1151 lino
122 1090 244 1179 politae
269 1085 439 1157 Aeterna
465 1085 603 1178 templa
628 1083 731 1152 caeli.

128 1232 193 1325 l2.
238 1231 301 1308 Ad
327 1234 496 1308 naturalia
522 1233 721 1307 discrimina
744 1231 858 1304 civilia
884 1233 1054 1310 vocabula
1078 1233 1187 1310 dte-5

32 1362 94 1406 num
118 1348 352 1410 accesserunt.
405 1338 531 1409 Dicam
554 1337 651 1432 prins
677 1336 738 1433 qui
759 1333 902 1408 deorum
929 1362 1052 1430 causa,
1077 1349 1153 1412 tum

32 1440 79 1532 qui
102 1437 294 1534 hominum,
321 1441 391 1512 sint
412 1440 563 1511 instituti
588 1437 674 1509 dies.
727 1433 954 1534 Agonales
978 1465 1042 1537 per
1062 1439 1152 1537 quos

31 1565 79 1610 ren
99 1541 137 1611 in
158 1543 255 1640 regia
282 1542 424 1620 arietem
449 1538 625 1630 immolat,
652 1539 735 1610 dieti
758 1537 802 1610 ab
829 1565 961 1639 agone,
990 1541 1153 1639 eoquod
1219 1585 1230 1602 ι

31 1641 247 1741 interrogatur
271 1668 292 1714 a
315 1643 472 1739 principe
498 1642 668 1733 civitatis,
703 1643 740 1710 ¹et
760 1641 922 1739 princeps
946 1644 1062 1742 gregis
1086 1645 1151 1732 im,-

32 1743 177 1816 nnlatur.
232 1742 553 1816 Carmentalia
586 1744 809 1815 nominantur
831 1743 926 1839 quod
952 1769 1052 1816 sacra
1076 1755 1214 1836 tumffl

31 1853 55 1913 el
78 1845 185 1917 feriae
218 1844 428 1918 Carmentis.
638 1840 704 1915 15.
743 1841 1027 1940 Lupercalia
1058 1845 1152 1918 dicta

31 1945 107 2038 quod
136 1948 175 2018 in
205 1946 394 2044 Lupercali
425 1945 560 2043 luperci
592 1970 692 2017 sacra
727 1943 873 2017 faciunt.
941 1948 1022 2019 Rex
1046 1973 1153 2045 quom

32 2045 117 2120 ferias
153 2060 347 2120 menstruas
379 2047 491 2120 Nonis
526 2045 729 2118 Februariis
760 2046 884 2140 edicit,
928 2048 1023 2122 hunc
1061 2049 1152 2122 diem

32 2145 284 2221 Februatum
315 2148 477 2249 appellat.
545 2146 767 2222 Februum
793 2147 917 2221 Sabini
942 2174 1195 2249 purgamen-ss

32 2258 106 2343 tum,
145 2262 180 2324 et
213 2251 250 2323 id
282 2253 319 2323 in
351 2253 459 2324 sacris
490 2252 617 2322 nostris
641 2241 792 2321 verbum'
799 2277 810 2342 3
853 2276 933 2322 nam
958 2262 992 2324 el
1013 2253 1150 2349 Luper·

31 2351 105 2424 celia
135 2351 328 2445 l'ebrnatio·⁹
362 2363 402 2424 nt
425 2354 463 2422 in
485 2346 748 2447 Antiquitatum
780 2349 878 2422 libris
904 2352 1148 2425 demonstravi.
1179 2348 1182 2356 ’

31 2449 276 2540 Quirinalia
301 2481 321 2525 a
342 2453 515 2545 Quirino,
549 2452 644 2550 quod
668 2454 701 2524 ei
733 2450 799 2523 cleo
829 2452 935 2524 feriae
965 2464 1000 2526 et
1030 2479 1151 2526 eorum

33 2549 217 2652 hominum,
260 2558 322 2655 qui
351 2553 607 2628 Furnacalibus
639 2556 713 2626 suis
747 2581 818 2654 non
850 2553 991 2629 luerunt
1023 2555 1148 2628 feriati.

34 2760 116 2818 Osann.
257 2765 473 2818 secernendorum
491 2763 636 2830 hominnm]
662 2764 763 2834 Nempe
782 2764 814 2817 ad
833 2763 965 2820 Ciceronis
982 2779 1064 2832 usque
1083 2771 1151 2818 tem·
1237 2824 1240 2827 ,

34 2839 191 2896 pontiore
209 2840 299 2906 populi
322 2839 442 2892 manebat
466 2837 530 2891 haec
555 2843 658 2904 sartago
683 2836 818 2904 loquendi,
846 2853 879 2889 ex
905 2853 955 2903 qua
978 2843 1152 2907 provenerunt

32 2902 104 2959 Plauti
125 2909 168 2960 illa
189 2909 324 2977 placenda
350 2910 397 2960 dos
422 2915 448 2962 et
469 2908 607 2978 pereunda
626 2909 728 2977 puppis
751 2915 779 2961 et
802 2910 860 2960 alia.
904 2909 1036 2962 Similtbns
1054 2908 1151 2976 gaudet

35 2984 108 3030 nostra
124 2979 268 3050 plebecula.
338 2982 485 3049 putarant]
496 2980 531 3032 H.
565 2987 668 3046 putant
685 2981 732 3032 Fa.
765 2987 903 3047 putarunt
918 2980 969 3031 Gb.
1047 2978 1151 3046 aevom]

34 3049 117 3118 scripsi.
159 3069 256 3103 aevum
274 3051 349 3104 codd.
501 3047 540 3100 αἐὶ
558 3045 596 3116 ὅν]
614 3065 648 3100 ex
665 3051 731 3102 coni.
756 3051 842 3118 posuit
861 3052 984 3118 Spengel.
1024 3049 1106 3101 ΕΘΝ
1118 3049 1149 3102 F.

33 3133 71 3169 eon
86 3123 117 3174 G.
146 3139 198 3175 om.
216 3124 284 3178 Hab.
398 3121 530 3190 Plautus]
548 3122 706 3174 Truculento
724 3121 752 3186 l,
778 3125 808 3187 l,
828 3124 852 3172 1.
1141 3135 1150 3156 ·

130 3226 181 3291 12.
217 3240 267 3292 Ad
283 3236 426 3292 naturalia
444 3237 614 3303 discrimina}
628 3237 694 3289 coni.
727 3235 764 3288 Et
781 3238 819 3289 sic
837 3238 988 3306 Scioppius,
1010 3239 1060 3290 nisi
1080 3237 1152 3304 quod

34 3308 86 3358 coeli
102 3318 160 3365 ante
178 3311 322 3364 nataralia
340 3311 440 3363 adiecit.
485 3327 503 3358 α
521 3306 645 3359 naturali
663 3307 811 3359 discrimina
829 3309 906 3361 codd.
1036 3308 1151 3372 dierum]

35 3379 163 3450 Scioppius.
198 3383 270 3434 ¹diem
287 3383 362 3435 codd.
493 3380 611 3432 Festis
638 3379 773 3444 diebus,
807 3397 872 3449 quos
896 3381 979 3432 Varro
1004 3385 1063 3446 post
1089 3379 1153 3431 haec

36 3462 163 3521 enumerat,
186 3455 273 3508 addidi
290 3453 449 3506 notationem
466 3456 610 3519 temporum
629 3466 663 3502 ex
680 3452 834 3504 kalendariis
852 3452 976 3518 vetustis,
1001 3451 1152 3514 Mnffeiano‚

36 3518 202 3592 Praenestino,
225 3527 396 3590 Eumenicae,
422 3524 563 3587 Vaticano,
592 3522 713 3588 aliisque,
741 3539 808 3588 quae
832 3525 941 3575 collecta
965 3528 992 3574 et
1010 3522 1152 3592 composita

37 3588 146 3650 habentur
162 3617 178 3651 a
197 3599 333 3665 Fogginio.
365 3597 406 3648 Gl.
422 3596 512 3646 Orellii
530 3593 647 3662 inscript.
664 3594 724 3646 Lat.
743 3594 776 3647 T.
787 3594 824 3647 11.
841 3611 863 3646 c.
874 3591 960 3645 XXII.
1073 3593 1153 3662 Ago-

35 3664 106 3732 nales]
120 3687 143 3722 a.
158 3671 183 3723 d.
196 3671 228 3722 V.
247 3669 286 3722 ld.
305 3669 359 3720 lan.
377 3668 410 3718 K.
424 3667 497 3719 Mati.
514 3667 606 3724 Praen.
695 3665 755 3717 Rex
770 3669 957 3728 interrogatus:
976 3664 1083 3732 ugone?
1111 3663 1151 3714 di-

36 3735 110 3790 ccbat:
138 3739 268 3811 hoenge,
294 3746 357 3792 noto
381 3740 406 3790 in
431 3739 563 3790 sacrificiis
580 3753 637 3789 usu.
669 3735 701 3788 cl.
719 3737 829 3802 Interpr.
847 3736 919 3786 Festi
937 3751 957 3787 s.
974 3749 998 3785 v.
1017 3735 1152 3799 Agonalia,

36 3820 55 3867 p·
65 3811 120 3864 31³.
144 3813 261 3864 Lindum.
418 3809 611 3874 Carmentalis]
631 3825 655 3860 a.
674 3807 699 3858 d.
719 3806 765 3858 111.
791 3807 829 3859 td.
847 3806 901 3858 lan.
921 3813 948 3858 et
968 3805 1066 3863 xvlll.
1091 3805 1151 3858 Kal.

35 3873 99 3931 Febr.
122 3883 155 3936 K.
174 3885 247 3937 Mali.
265 3885 359 3937 Praen.
401 3884 405 3892 “

135 3975 184 4042 13.
221 3987 395 4060 supeream]
414 4003 437 4040 a.
457 3987 483 4039 n.
500 3986 559 4040 xv.
583 3988 643 4040 Kar.
662 3988 740 4040 nan.
765 3985 798 4041 K.
817 3985 890 4038 Mau
917 3987 951 4040 cn.
972 3986 1039 4039 num
1063 3988 1088 4050 s.
1106 3988 1151 4038 sn.

33 4053 109 4142 [erius
126 4064 288 4128 menstruus]
307 4063 346 4114 De
370 4059 419 4112 hoc
444 4059 520 4111 lenias
544 4052 673 4112 indicendi
697 4073 769 4110 more
793 4073 817 4177 p.
830 4058 901 4138 ¹insta
924 4061 950 4124 S.
963 4057 1152 4192 ²⁸⁶..M³⁰'⁰lj

36 4129 81 4276 lll
93 4131 187 4255 llll}
206 4205 282 4258 ann.
301 4127 1150 4272 Μ’Ψρῖ1ν1ιὶαι11ᾞωῖἶ.6)1111.11111111ῑῖ1.11111ῗαῖ..

36 4283 55 4344 ἐξ
71 4270 123 4339 deo]
140 4293 182 4343 vg.
216 4278 275 4327 ideo
293 4275 369 4328 codd.
412 4315 419 4334 .
483 4271 694 4338 Furnacalibus]
713 4272 787 4326 codd.
814 4273 862 4324 nisi
881 4273 950 4338 quod
968 4273 1003 4324 G.
1016 4271 1152 4339 ‘fornaca-

36 4335 108 4410 ltbun,
132 4348 198 4402 sieut
214 4365 255 4417 vg.
303 4347 370 4400 lllud
393 4349 501 4414 propter
528 4345 673 4412 analogiam
697 4345 827 4398 nominum
851 4343 940 4396 sununs
964 4351 991 4396 et
1015 4344 1151 4394 turnaceus

1300 247 1314 277 k
