2864 4814
182 255 186 267 .
260 197 315 272 52
657 219 778 264 nrnrn
810 217 1001 276 ournrus.

115 391 122 404 “
202 407 210 424 ·
263 385 415 476 dictum,
449 382 542 480 quod
569 381 775 454 ambientum
801 390 876 472 est,
903 377 940 450 id
966 388 1017 451 est
1038 377 1310 450 circumiectum.
1368 373 1402 448 A

186 503 336 587 (amque
369 488 471 558 etiam
505 511 576 582 quo
603 485 744 556 ¹restitas
770 508 808 554 se
840 480 1042 573 involvunt,
1082 481 1429 578 circumiectui3

265 588 451 687 appellant.
514 589 563 658 Et
596 584 691 685 quod
716 586 857 676 amictui
892 581 998 654 babet
1030 607 1221 680 purpuram
1255 582 1399 673 circum,
1428 631 1429 668 ;

264 700 392 762 vocant
408 690 784 772 ,circumtextum
837 686 1105 781 Antiquissimis
1130 684 1271 754 amictui
1292 685 1400 754 rici·
1428 701 1429 790 p

265 795 399 864 nium.
470 790 535 882 ld,
571 790 666 889 quod
691 815 733 860 eo
757 786 945 860 utebantur
977 786 1129 883 duplici,
1172 782 1216 855 ab
1242 785 1403 884 eolquod

208 893 445 966 raedimidiam
469 904 601 990 partem
626 902 816 964 retrorsum
839 887 1027 980 iaciebant,
1056 886 1100 958 ab
1126 887 1300 958 reiciendo
1324 889 1401 957 rici·

212 983 364 1067 ‘nium
390 995 534 1066 dictum.
658 990 753 1064 155.
791 991 888 1062 Hinc
911 988 1005 1086 quod
1029 989 1119 1060 facta
1143 989 1212 1060 duo
1234 987 1402 1085 simplicia
1428 1037 1429 1044 .

266 1099 385 1195 paria,
413 1096 578 1193 parilia
605 1095 717 1192 primo
744 1094 856 1187 dicta3
892 1093 929 1163 R
953 1091 1134 1163 exclusum
1156 1100 1297 1188 propter
1319 1090 1401 1161 levi·
1428 1155 1429 1190 ἒ

267 1210 385 1270 tatem.
438 1196 748 1295 Parapecbia‚
778 1192 1019 1294 clamydes‚
1045 1195 1097 1264 sic
1122 1191 1230 1264 multa
1250 1190 1399 1263 Graeca.
1428 1195 1429 1202 ἶ

189 1335 193 1348 ·
266 1300 419 1372 Laena
451 1293 547 1395 quod
577 1300 620 1370 de
653 1298 733 1369 lana
766 1297 898 1388 multa,
932 1295 1085 1382 ‚duarum
1117 1296 1223 1366 etiam
1244 1304 1402 1392 togarum

266 1403 388 1474 instar.
424 1402 501 1474 -Ilt
527 1396 802 1498 antiquissimum
833 1398 1016 1471 mulierum
1040 1397 1219 1490 ricinium,
1260 1397 1313 1469 sic
1338 1395 1402 1469 boc

267 1503 397 1600 duplex
423 1504 591 1574 virorum.

110 1717 113 1722 ,
203 1642 255 1718 51
370 1636 463 1710 154.
492 1640 729 1736 Instrpmenta
754 1643 883 1714 rustica
909 1638 1159 1738 quaeserendi
1181 1648 1243 1709 aut
1269 1638 1402 1712 colendi

268 1741 406 1812 fructus
437 1749 546 1818 causa
578 1741 684 1813 facta.
747 1742 989 1816 Surculum
1020 1740 1064 1813 ab
1095 1739 1240 1814 serendo
1264 1766 1308 1812 ac
1331 1766 1400 1812 sar·

228 1875 230 1881 ·
269 1842 420 1914 riendo..
458 1843 593 1941 Ligo‚
620 1843 715 1942 quod
737 1871 778 1916 eo
800 1855 941 1942 propter
966 1842 1317 1940 lauandinemquod
1341 1841 1400 1914 sub

210 1941 382 2040 Quone,
411 1943 548 2016 facilius
569 1944 714 2044 legitur.
767 1945 880 2020 Pala
906 1971 927 2016 a
950 1945 1155 2044 pangend05
1184 1945 1332 2016 lactum*
1356 1945 1399 2036 L,

121 2103 125 2112 .
226 2027 305 2118 ³⁸G
329 2046 424 2145 quod
446 2047 524 2118 luit.
579 2049 773 2120 llutrum
793 2050 942 2119 ruitrum
967 2046 1155 2118 a'ruendo.
1309 2043 1398 2118 155.

269 2145 508 2239 Aramum,
541 2148 635 2248 quod
659 2152 760 2222 aruit
776 2161 902 2222 terram
922 2151 996 2221 eius
1021 2147 1165 2220 ferrum.
1221 2147 1399 2237 Vmor,

271 2249 366 2348 quod
387 2253 497 2323 vomit
520 2277 561 2323 eo
586 2252 665 2348 plus
690 2261 832 2324 terram.
886 2253 1024 2344 Dens,
1053 2249 1148 2347 quod
1167 2275 1207 2322 eo
1230 2249 1402 2323 mordetur

270 2363 375 2423 terra.
438 2352 558 2449 Supra
584 2352 621 2424 id
644 2353 764 2454 regula
790 2375 879 2451 quae
904 2364 991 2445 stat,
1031 2354 1155 2424 stiva
1187 2351 1231 2424 ab
1257 2351 1398 2424 stando:

184 2537 188 2548 Ι
221 2546 222 2550 ¹
253 2465 307 2524 'et
342 2456 379 2524 in
413 2479 452 2526 ea
487 2465 686 2528 transversa
721 2456 842 2556 regula
875 2454 1124 2545 manicula,
1150 2454 1265 2553 ,quod
1302 2479 1402 2524 mann

271 2553 418 2628 bubulci
456 2567 605 2628 tenetur.
686 2557 759 2648 Qui
798 2560 898 2656 quasi
934 2568 1026 2630 temo
1061 2566 1115 2627 est
1149 2560 1238 2628 inter
1272 2554 1398 2646 boves,

385 2765 457 2831 132.
480 2779 650 2849 arabicorum]
665 2783 764 2851 scripsi.
794 2781 925 2834 oblectum
940 2783 998 2836 FG.
1027 2782 1157 2834 abiectum
1169 2782 1239 2835 Hah.
1263 2781 1401 2832 amieetum

270 2869 313 2918 vg.
428 2853 634 2920 circumiectum]
654 2872 696 2920 vg.
734 2854 930 2907 circumiectum
948 2855 1023 2910 codd.
1059 2855 1183 2922 Idemque
1200 2870 1273 2906 error
1291 2853 1401 2922 pluribus

272 2923 348 2977 codd.
367 2921 483 2978 inhaeret
499 2926 525 2976 iu
544 2927 718 2990 sequentibus.
856 2945 907 2997 quo
924 2927 1049 2994 vestitas]
1061 2929 1095 2979 G.
1114 2933 1144 2979 ut
1162 2927 1322 2994 Augustinus
1340 2925 1400 2976 coni.

271 2995 345 3066 quod
358 3002 421 3048 cett.
544 2997 751 3067 antiquissimis]
769 2999 847 3051 lectio
865 3015 881 3050 a
898 2998 1021 3051 Turnebo
1039 3005 1187 3052 memorate
1224 2996 1401 3070 antiquissimu
1428 3045 1429 3054 .

270 3067 346 3120 com.
390 3113 393 3117 .
477 3065 778 3138 caticumenum.
807 3068 953 3140 sacreum
972 3077 1048 3123 cett.
1428 3055 1429 3108 l

383 3167 458 3233 133.
483 3185 508 3230 R
527 3184 674 3253 exclusum]
692 3186 790 3254 scripsi.
826 3185 958 3238 resculum
976 3187 1007 3238 F.
1044 3183 1175 3237 reclusum
1186 3185 1238 3238 Ha.
1274 3183 1400 3236 reclusum
1428 3175 1429 3238 i

271 3255 323 3308 Gb.
360 3254 432 3306 Idem
451 3256 516 3318 sere,
535 3257 604 3328 quod
621 3259 711 3324 posui,
728 3257 866 3310 Turnebus
884 3264 1017 3311 essecutus
1031 3264 1072 3310 est
1085 3258 1246 3310 coniectura:
1271 3256 1298 3308 ri
1313 3253 1398 3306 exelu—
1428 3315 1429 3318 Ἴ

180 3367 182 3372 -
271 3345 342 3381 sum.
377 3327 461 3378 Pallia
480 3325 548 3378 unde
566 3344 659 3380 nomen
677 3327 795 3394 babeant,
815 3330 944 3398 explicere
962 3330 1049 3382 studet
1066 3330 1186 3396 scriptor.
1296 3335 1401 3396 propter

269 3397 421 3464 levitatem]
440 3398 468 3450 id
486 3403 525 3448 est
543 3405 650 3466 propter
672 3401 816 3470 γλαφυρίαν
842 3409 868 3454 ct
886 3399 1020 3461 edomatur.
1063 3399 1150 3452 Etiam
1169 3399 1303 3453 Ciceronis
1327 3401 1401 3460 locut,
1428 3423 1429 3472 p

271 3469 356 3521 Bruto
368 3473 426 3534 -25,
446 3473 499 3532 96.,
518 3469 578 3522 mihi
596 3471 697 3523 videtur
714 3474 752 3524 sic
770 3473 958 3529 emendandus:
984 3475 1045 3530 Hoc
1061 3471 1089 3522 in
1108 3481 1213 3523 oratore
1231 3470 1334 3523 Latino
1350 3469 1400 3538 pri-

271 3559 342 3590 mum
362 3540 429 3590 miti
454 3539 571 3602 videtur
584 3549 612 3590 et
638 3541 775 3600 levitas
793 3544 952 3612 apparuisse
975 3543 1026 3593 illa
1044 3545 1204 3594 Graecorum
1222 3551 1250 3592 et
1267 3537 1400 3592 verborum

271 3611 479 3680 comprehensio,
507 3621 541 3661 et
567 3611 577 3660 i
584 3630 634 3662 am
658 3612 777 3683 artifex,
810 3623 843 3664 ut
867 3614 909 3664 ita
933 3613 1034 3680 dicam,
1060 3613 1150 3667 stilus.
1197 3613 1237 3666 cf.
1257 3612 1290 3665 de
1309 3613 1400 3682 optim
1428 3619 1429 3626 ’

272 3698 369 3749 genere
387 3690 452 3736 orat.
474 3688 530 3735 c.2.
566 3684 663 3734 Sedet
680 3681 873 3735 uerborumest
891 3694 1033 3736 structura
1051 3685 1182 3756 quaedam
1200 3685 1269 3736 duas
1287 3703 1331 3735 res
1349 3683 1402 3749 effi·

274 3754 360 3818 ciens,
384 3773 522 3804 numerum
540 3764 568 3804 et
586 3755 742 3806 laevitatem
766 3755 813 3821 (al.
832 3754 993 3824 lenitatem).
1142 3755 1288 3826 clamyde-s]
1307 3754 1401 3823 scripsi.
1428 3773 1429 3830 p

273 3825 329 3878 Sed
348 3823 473 3875 clanades
492 3826 566 3878 codd.
586 3833 613 3879 et
634 3828 710 3880 etiam
729 3843 806 3896 supra
823 3829 885 3891 §.t
905 3827 1015 3878 clamide
1033 3828 1089 3880 abc.

388 3925 460 3992 134.
485 3941 633 4010 sarriendo]
652 3960 695 4010 vg.
730 3943 858 3995 sarcendo
876 3923 951 3997 codd:
969 3946 1017 3998 nisi
1035 3943 1105 4011 quod
1122 3941 1231 3994 sacerdo
1249 3944 1284 3994 G.
1312 3958 1362 3994 om.
1379 3939 1399 3989 lJ·
1428 3939 1429 3946 '

266 4007 402 4102 ff¹⁰i¹⁴m¹³l
416 4015 482 4066 coni.
496 4012 590 4068 rddidi.
625 4014 764 4086 g.l.quod
773 4014 837 4085 fuit
851 4015 927 4070 codd.
962 4013 1400 4086 ginlmutatumquodfuitrg.
1428 4043 1429 4048 =

386 4127 459 4194 135.
486 4141 633 4208 maniculo]
654 4141 791 4195 manibrio
809 4143 925 4196 Tumebi
943 4143 1001 4198 eod.
1125 4142 1253 4207 temetum]
1272 4142 1311 4194 sic
1329 4143 1401 4193 inter·
1428 4137 1429 4144 ’

271 4216 366 4285 punxi,
386 4231 444 4266 nam
463 4214 546 4266 adbuc
563 4214 663 4278 verbu:¹
686 4213 733 4286 qui
750 4215 829 4282 quasi
848 4223 916 4265 terrra
933 4225 975 4266 est
992 4215 1062 4265 inter
1082 4213 1173 4270 hoves,
1190 4213 1401 4279 coniungebantur

271 4305 330 4342 cum
344 4287 505 4362 etymologia
518 4285 677 4337 maniculae.
709 4284 764 4338 Sed
779 4285 804 4338 in
819 4287 1007 4354 simplicissimo
1020 4288 1098 4338 aratri
1112 4301 1209 4354 genere
1223 4286 1288 4337 bure
1303 4290 1331 4336 et
1341 4291 1402 4336 tem
