2874 4804
226 198 309 278 262
618 223 737 268 muca
774 223 968 271 ascanius·

225 387 370 462 baberet
409 387 564 485 species,
604 395 642 458 ct
674 410 763 484 quac
796 383 840 458 de
873 382 928 458 bis
957 383 1134 483 sequenda
1172 381 1360 474 videretur,

224 500 265 562 ut
288 488 387 562 brevi
411 489 529 587 potui,
565 487 773 583 intormavi3
813 511 906 559 nunc
931 488 968 560 in
993 485 1121 584 quibus
1145 511 1217 564 oon
1239 483 1364 558 debeat

224 617 321 686 csse,
357 615 398 662 ac
422 590 569 690 proinde
594 614 636 662 ac
664 587 790 662 debeat
814 589 923 662 soleat
946 590 1088 688 quaeri,
1124 588 1253 660 dicam.
1309 587 1366 659 Ea
1428 597 1429 684 ff

222 692 295 766 fere
322 702 403 765 sunt
435 702 584 790 quatuor
614 717 764 792 genera:
803 693 954 788 primum
983 693 1020 762 in
1044 690 1082 763 id
1110 706 1221 790 genus
1247 686 1366 784 verbis

163 803 211 872 seo
224 821 312 893 quae
343 820 415 868 non
449 793 687 888 declinantur,
728 794 887 892 analogia
919 819 989 867 non
1020 791 1124 865 debet
1147 792 1287 890 quaeri,
1328 801 1369 862 ut

160 887 340 969 *in-bis
364 921 576 993 nequam,
609 909 726 988 mox,
754 897 842 967 vix.
983 891 1052 966 80.
1092 895 1149 968 De
1174 893 1230 966 his
1253 894 1369 992 magis

221 1002 259 1069 in
294 997 362 1071 alio
396 1022 500 1095 quam
536 999 574 1068 in
606 997 675 1071 alio
705 1009 842 1070 erratur
873 995 1007 1091 verb03
1053 996 1138 1070 dant
1169 997 1262 1068 enim
1293 1021 1370 1068 non

222 1098 351 1171 habere
378 1124 481 1171 casus
507 1125 589 1173 mox
613 1111 648 1174 et
674 1100 733 1171 vix
745 1127 757 1194 3
790 1105 940 1197 nequam
966 1097 1116 1192 babere,
1149 1097 1245 1196 quod
1271 1096 1370 1168 dica·

222 1202 301 1273 mus
333 1199 392 1272 bic
424 1226 573 1298 nequam
613 1210 649 1274 et
683 1199 788 1273 buius
820 1226 970 1299 nequam
1007 1213 1043 1273 et
1072 1199 1156 1272 huic
1190 1225 1366 1298 nequamz
1428 1221 1429 1262 1

137 1299 144 1308 “
180 1385 184 1390 ,
223 1327 303 1376 cum
334 1305 426 1375 enim
452 1302 599 1376 dicimus
625 1301 859 1401 bicnequam
893 1313 927 1375 ct
954 1301 1058 1376 buius
1083 1327 1256 1400 nequam,
1290 1311 1369 1374 tum
1428 1343 1429 1388 p

222 1402 372 1478 bominis
397 1405 485 1497 cius,
509 1431 614 1503 quem
636 1405 797 1478 volumus
820 1404 1001 1479 ostendere
1024 1430 1099 1478 esse
1121 1429 1284 1502 nequam,
1314 1401 1369 1474 di·

223 1507 333 1578 cimus
356 1531 473 1599 casus,
496 1517 532 1579 et
553 1509 586 1579 ei
609 1509 854 1607 praeponimus
877 1519 951 1580 tum
974 1505 1049 1579 bic
1070 1532 1210 1599 nomen,
1239 1506 1370 1604 qcmius

221 1619 383 1706 putamus
408 1610 612 1706 nequitiam.
762 1607 828 1682 81.
868 1607 974 1702 Quod
999 1606 1210 1682 vocabulum
1234 1607 1371 1679 factum

201 1720 263 1781 'ut
288 1735 331 1780 ex
353 1735 425 1781 non
449 1721 484 1780 et
508 1710 588 1782 volo
611 1711 738 1808 nolo;
771 1713 822 1783 sio
848 1737 892 1784 ex
916 1737 961 1786 ne
983 1720 1018 1782 at
1042 1710 1254 1808 quidquam,
1280 1711 1369 1781 item

179 1839 181 1844 ·
222 1809 335 1882 media
368 1812 493 1884 extrita
523 1811 678 1910 syllaba,
715 1805 875 1886 coactum
903 1823 1188 1910 estnequam.
1241 1809 1370 1908 ltaque

69 1959 74 1967 κ
165 1921 263 2014 secut
288 1938 368 1985 eum
392 1923 681 2011 quemputamus
706 1940 876 1988 essenon
901 1914 988 2006 hili,
1026 1914 1174 1986 dicimus
1199 1912 1365 1984 nihili:

160 2040 211 2088 181
221 2017 272 2086 sic
304 2016 340 2086 in
373 2040 444 2112 quo
474 2027 635 2113 putamus
668 2043 742 2090 esse
774 2041 840 2088 nec
873 2015 1085 2114 quidquam,
1124 2016 1270 2087 dicimus
1296 2041 1368 2086 ne·
1428 2047 1429 2086 i

223 2135 368 2214 quam.
542 2114 610 2188 82.
658 2118 845 2210 Secundo,
882 2120 913 2190 si
944 2133 1053 2190 unum
1088 2115 1201 2191 solum
1235 2115 1371 2189 babent

224 2242 344 2289 casum
370 2219 405 2288 in
432 2242 531 2310 voce,
557 2219 653 2315 quod
673 2247 744 2293 non
766 2221 996 2312 declinentur,
1026 2233 1064 2293 ut
1085 2220 1205 2292 literae
1225 2245 1365 2291 omnes.
1428 2217 1429 2288 i

224 2318 368 2410 Tertio,
406 2321 436 2392 si
469 2320 656 2418 singularis
688 2334 743 2395 est
768 2322 929 2395 vocabuli
959 2324 1085 2415 series,
1121 2347 1234 2418 neque
1259 2320 1370 2394 habet

191 2479 195 2490 .
226 2445 307 2494 cum
343 2447 413 2518 qua
451 2425 645 2518 comparari
685 2427 820 2522 possit,
863 2437 902 2497 ut
936 2450 1011 2498 esse
1047 2435 1172 2522 putant
1206 2436 1367 2520 caput,
1428 2411 1429 2502 l

226 2525 395 2619 capiti,
425 2526 615 2620 capitis,
641 2529 802 2624 capite.
855 2526 1048 2620 Quartum,
1074 2527 1105 2598 si
1131 2550 1173 2598 ea
1193 2524 1370 2598 vocabula
1428 2505 1429 2574 l

225 2635 410 2719 quattuor,
452 2651 540 2721 quac
581 2627 808 2701 conferuntur
844 2630 936 2701 inter
969 2653 1030 2719 se,
1072 2630 1242 2720 nationem
1275 2628 1367 2700 non*

225 2724 355 2796 babent
379 2750 483 2823 quam
509 2739 665 2825 oportet,
689 2741 902 2824 utsocen,
937 2754 1122 2826 socrusp
1158 2755 1365 2825 soceros,

227 2851 402 2899 soccus.

188 2949 215 3024 6
325 2953 394 3029 85.
431 2956 562 3031 Contra
582 2961 620 3033 in
645 2959 773 3060 quibus
799 2960 922 3036 debeat
943 2963 1065 3061 quaeri
1084 2962 1263 3062 analogia,
1291 2961 1367 3036 fere

224 3056 366 3130 totidem
404 3061 532 3159 gradus
572 3063 699 3136 debent
732 3091 811 3139 esse
846 3066 1034 3138 coniuncti.
1102 3065 1285 3157 Primum,
1325 3075 1366 3136 ut

225 3160 295 3230 sint
319 3185 397 3232 res:
437 3163 648 3258 secundum,
690 3176 871 3240 uteorum
896 3169 941 3239 sit
968 3194 1073 3240 usus:
1114 3169 1277 3258 tertium,
1316 3169 1367 3238 uti

225 3258 371 3334 haeres
394 3263 563 3338 vocabula
587 3267 760 3342 habeant:
799 3280 981 3368 quartm,
1017 3280 1057 3342 ut
1080 3267 1233 3342 habeant
1258 3267 1365 3342 de'cli-

265 3461 272 3472 ι
337 3479 390 3546 80.
423 3494 502 3562 dant]
521 3497 595 3550 codd.
634 3497 728 3552 dicunt
746 3519 789 3570 vg.
920 3501 1118 3573 praeponimus]
1137 3501 1199 3556 GH.
1237 3497 1366 3571 proponi-

228 3581 287 3616 mus
305 3567 352 3620 Fa.
467 3571 571 3636 nomen]
590 3571 738 3640 Scioppius.
777 3591 830 3626 non
848 3572 926 3627 codd.

337 3675 390 3742 81.
419 3695 456 3743 Ut
474 3707 506 3743 ex
524 3708 577 3746 non
595 3704 622 3746 et
640 3695 710 3763 volo]
736 3695 814 3750 Hunc
838 3699 963 3753 Varronis
988 3699 1074 3753 locum
1097 3700 1135 3753 sic
1158 3698 1244 3754 reddit
1263 3699 1364 3752 Gellius

225 3760 291 3827 VII,
311 3767 354 3816 11.
396 3765 433 3814 Ut
452 3781 484 3814 ex
503 3783 555 3816 non
572 3775 600 3816 et
617 3784 650 3816 ex
668 3767 741 3833 volo,
760 3769 858 3836 inquit,
882 3770 943 3822 nolo
954 3769 1011 3838 fit,
1029 3771 1068 3822 cic
1085 3789 1119 3823 ex
1137 3789 1170 3824 ne
1188 3781 1267 3822 etex
1285 3770 1363 3842 quid-

225 3851 320 3901 quam,
348 3835 434 3885 media
452 3834 560 3904 syllaba
578 3839 697 3904 extrita,
714 3841 887 3910 compositum
906 3851 947 3893 est
965 3860 1087 3914 nequam.
1219 3859 1267 3894 nec
1286 3841 1362 3913 quid-

106 3913 113 3922 '
225 3907 317 3972 quom]
336 3907 436 3974 scripsi.
480 3908 689 3980 necquicquam
707 3912 741 3962 G.
787 3912 970 3986 nequidquam
990 3919 1052 3968 cett.

336 4013 388 4078 82.
413 4031 559 4100 quattuor]
573 4049 596 4085 a.
633 4043 752 4104 quatuor
770 4036 832 4091 GH.
868 4053 920 4090 om.
939 4037 971 4092 F.
1085 4037 1163 4104 noui]
1183 4038 1249 4091 coni.
1268 4037 1360 4092 addidi.

227 4112 347 4161 accarca,
370 4103 474 4166 socrus]
502 4103 600 4170 scripsi.
646 4123 750 4159 soceros
772 4126 877 4159 cccrum
896 4108 1028 4176 (socerum
1046 4107 1084 4175 a.)
1105 4109 1196 4175 codd,
1222 4109 1271 4162 nisi
1293 4107 1359 4176 quod

225 4167 259 4220 de
276 4169 311 4222 G.
330 4169 356 4218 id
374 4187 425 4224 nou
443 4178 559 4227 notatum
577 4180 626 4229 est.
667 4195 787 4230 socerum
805 4197 908 4232 accrum
926 4197 968 4249 vg.

336 4275 388 4342 83.
416 4295 469 4362 res]
488 4314 529 4364 vg.
566 4307 622 4352 tres
640 4301 716 4358 codd.
754 4303 795 4356 Gi.
815 4303 869 4368 lx,
886 4309 929 4358 37.
972 4309 975 4318 ’
