2866 4812
251 221 332 302 2¹8
667 251 789 298 ornnn
828 249 976 341 nonos.

251 424 367 507 tum3
405 437 476 486 non
502 412 610 487 multu
635 412 733 506 olen,
768 409 932 513 plumba,
964 421 1128 511 argento:
1167 429 1274 502 quom
1299 429 1388 501 quae

250 541 295 588 cx
319 513 417 588 lrisce
440 513 547 609 liunt,
575 515 732 590 dicamus
751 512 959 614 plumbea
980 523 1017 587 et
1041 518 1255 610 argenteo
1279 505 1387 604 (uliud

250 617 342 690 enim
364 641 446 689 cum
464 629 688 716 argenteum
712 641 794 688 nom
813 615 851 688 id
867 627 942 688 tum
964 641 1044 688 cum
1064 616 1133 688 ium
1150 631 1236 701 vas3
1263 632 1386 706 orgen·
1425 624 1426 714 ᾗ

250 727 347 792 teum
374 721 488 812 enim,
526 721 558 792 si
587 719 755 820 pocillum
786 729 847 791 out
870 716 957 816 qnid
977 713 1098 819 ilem);
1140 709 1235 810 quod
1259 708 1386 809 pocillo

250 829 413 919 argenteo
438 820 568 916 multu,
601 848 673 896 non
696 819 791 921 quod
813 830 994 919 argenium
1020 817 1181 890 mullum.
1316 807 1383 882 67.
1426 876 1427 914 ¹

250 921 328 1014 Ea,
363 932 487 996 nature
519 925 557 995 in
588 923 716 1022 quibus
737 932 791 995 cst
818 947 1001 1012 mensure,
1038 946 1110 1004 non
1134 938 1324 1004 uumerus,
1359 915 1386 983 si

250 1048 378 1122 genera
401 1025 439 1096 in
464 1049 503 1097 se
526 1023 658 1099 hahent
676 1025 799 1124 pluro,
838 1035 874 1098 et
905 1048 946 1095 ea
977 1023 1014 1096 in
1044 1045 1145 1094 nsum
1173 1024 1387 1090 venerante
1426 1027 1427 1032 ’

194 1149 380 1224 sorgenere
410 1125 542 1200 mullo:
578 1128 630 1200 sic
659 1129 762 1220 vinu,
799 1134 976 1224 unguente
1007 1121 1122 1217 dicta3
1162 1118 1222 1191 ulii
1247 1117 1386 1216 generis

200 1218 344 1300 ‘enim
368 1228 489 1300 sinum
514 1228 610 1328 quod
632 1227 746 1322 Chio,
774 1227 869 1300 uliud
894 1226 989 1326 quod
1009 1223 1153 1299 Lesbos
1188 1221 1240 1292 sic
1267 1243 1312 1290 ex
1333 1243 1385 1289 re·
1427 1231 1428 1296 ἒ

250 1327 412 1427 gionibus
445 1329 524 1402 aliis
557 1355 647 1428 quae
676 1331 786 1428 ipso†
818 1327 1002 1422 dimum,
1037 1349 1133 1399 nunc
1166 1320 1292 1396 melius
1323 1346 1386 1391 un·

249 1442 401 1528 guento,
435 1434 519 1531 quoi
543 1458 638 1505 nunc
663 1458 791 1532 genera
816 1430 960 1530 aliquot.
1014 1429 1057 1504 Si
1081 1431 1164 1500 ilem
1186 1423 1388 1542 discrimina

190 1545 516 1714 ...ltdlffll
540 1534 1271 1729 illiliisst¹nis⁸e¹idioeliffllidffmll

249 1733 370 1826 Quare
400 1738 438 1806 in
463 1747 611 1835 utroque
637 1737 786 1834 deniqne
815 1762 854 1809 re
881 1734 1039 1810 scindere
1071 1741 1242 1808 conantur
1266 1726 1386 1800 unalo·

248 1837 362 1935 giam,
398 1846 435 1909 et
459 1863 565 1935 quom
589 1840 627 1909 in
652 1837 810 1910 dissimili
836 1858 903 1910 usu
934 1836 1059 1910 similia
1085 1831 1256 1910 vocabula
1280 1854 1386 1928 qnae·

247 1948 351 2032 runt,
390 1949 424 2012 et
448 1963 555 2038 quom
581 1941 664 2012 item
690 1965 731 2012 ea
758 1963 847 2037 quoe
871 1940 1054 2030 metimur,
1093 1949 1197 2036 atque
1221 1958 1263 2007 en
1296 1957 1387 2030 quae

187 2043 238 2119 ll
251 2065 494 2133 numeramus,
522 2040 593 2136 dici
617 2052 742 2140 putent
765 2051 936 2139 oportere.
1053 2037 1122 2111 68.
1153 2038 1242 2110 Item
1268 2059 1386 2132 repre·

249 2138 407 2213 hendunt
440 2141 639 2242 analogias,
676 2141 772 2242 quod
802 2142 962 2214 dicontur
992 2140 1221 2217 multitudinis
1246 2137 1387 2210 nomine

187 2240 410 2339 {respublicae
441 2242 653 2339 balneae,
690 2272 762 2319 non
795 2243 939 2337 balnea,
975 2254 1096 2316 contre
1131 2239 1227 2343 quod
1259 2238 1386 2336 privati

250 2342 369 2417 dicunt
391 2371 502 2417 unum
526 2343 711 2442 balneum,
743 2345 839 2448 quod
861 2346 963 2444 plura
987 2344 1112 2420 balnea
1132 2343 1220 2442 non*
1244 2340 1383 2414 dicant:

250 2445 426 2547 *idemque
449 2449 533 2524 item
553 2450 704 2544 contro,
728 2448 823 2550 quod
844 2447 991 2522 scalae
1015 2459 1052 2521 et
1075 2472 1212 2547 aquae
1234 2442 1387 2516 caldae

248 2656 325 2712 codd.
456 2661 535 2728 quom
552 2660 633 2734 quoe]
650 2663 752 2732 scripsi.
794 2679 854 2716 cum
872 2677 942 2734 quac
960 2661 996 2715 G.
1020 2666 1051 2714 ut
1067 2676 1111 2728 vg.
1154 2676 1214 2711 cum
1231 2657 1330 2730 (quom
1347 2658 1387 2726 a.)

248 2745 300 2798 que
317 2732 380 2782 cett
401 2727 478 2783 codd.
591 2733 685 2799 (aliud
700 2734 770 2787 enim
788 2770 863 2789 ....
880 2732 972 2801 item)]
989 2731 1178 2786 Parenthescos
1195 2731 1270 2798 signu
1287 2729 1387 2794 addidi,

247 2805 278 2850 nt
295 2807 426 2869 argenteo
443 2802 642 2872 coniungeretm
660 2821 721 2859 cum
737 2821 779 2859 vv.
797 2803 870 2878 quod
883 2803 984 2874 pocillo
1001 2812 1133 2876 argentea
1150 2801 1247 2857 multa.
1340 2819 1388 2853 ar·

246 2878 372 2942 genuum
388 2871 469 2941 enim]
486 2889 529 2942 vg.
564 2885 707 2946 argentum
723 2875 792 2928 cuim
809 2875 885 2930 codd.

359 2975 412 3041 67.
442 2989 469 3058 e]
489 2991 559 3046 coni.
576 2991 677 3060 scripsi.
713 3009 731 3041 o
750 2991 812 3046 GH.
848 3003 874 3043 α’
893 3008 918 3047 e.
953 3000 983 3044 et
999 2991 1031 3045 F.
1174 2988 1214 3042 sic
1228 2985 1314 3047 cina,
1334 3006 1386 3039 un·

246 3070 351 3131 guento
369 3061 454 3130 dicta]
473 3063 548 3118 Haec
566 3063 691 3132 epodosIn
708 3063 807 3116 fuciunt
825 3065 872 3118 ud:
890 3062 916 3116 ci
929 3079 963 3116 cn
975 3078 1075 3134 genero
1087 3059 1187 3114 babent
1201 3059 1293 3128 pluro.
1327 3059 1387 3112 Non

236 3133 393 3199 *negandum
416 3140 517 3200 tomen,
543 3135 686 3189 faciliorem
712 3135 911 3190 futuromesse
937 3136 1073 3188 transitum
1098 3133 1131 3186 ub
1151 3133 1236 3186 alteru
1260 3132 1388 3184 orationis

247 3209 322 3272 parte
347 3201 381 3255 cd
409 3205 531 3272 alterum,
562 3208 585 3259 si
607 3209 786 3275 interpositum
811 3214 896 3261 ossetr
930 3206 1015 3258 etiam
1039 3203 1223 3257 multitudiuis
1248 3203 1386 3256 dicuntur.

247 3273 309 3340 alii]
333 3275 392 3328 Hac
416 3278 508 3344 patrici
533 3293 607 3330 casus
632 3279 716 3332 lorma
734 3280 819 3334 Varro
843 3294 904 3332 usus
929 3285 969 3332 est
994 3279 1072 3331 etiam
1096 3277 1131 3329 de
1154 3277 1189 3328 R.
1200 3277 1235 3330 R.
1249 3276 1277 3341 1,
1294 3279 1325 3340 2.
1353 3273 1385 3328 cl.

247 3345 303 3400 clio
320 3346 347 3401 in
365 3345 404 3399 his
423 3348 508 3413 libris,
526 3347 567 3414 X,
586 3353 629 3408 15.
686 3367 690 3376 ·
794 3349 886 3401 vinum
904 3349 977 3422 quod
993 3349 1070 3414 chio]
1087 3348 1157 3404 Huic
1174 3349 1295 3416 Scaliger
1313 3361 1385 3399 com-

247 3424 323 3486 parat
340 3419 471 3472 Graecum
496 3412 562 3477 οἶνος
586 3414 700 3483 Χιόθεν,
729 3426 757 3474 et
781 3423 943 3476 Pleufinumr
968 3424 1074 3491 Hospes
1092 3420 1243 3490 Zacyntho.
1283 3418 1386 3471 Similia

247 3490 326 3543 etiem
352 3481 420 3542 ὅπλα
444 3485 489 3542 ἀπ’
507 3487 632 3561 Ἄργεος,
660 3493 803 3546 cuiusmodi
820 3496 901 3548 multu
919 3499 1017 3548 extant.
1174 3489 1270 3559 ipsafl
1289 3489 1384 3542 (letter

246 3559 322 3628 ipsae
336 3568 478 3630 oporteret.
510 3563 565 3617 Sed
582 3578 666 3630 neque
685 3562 734 3616 hoc
751 3566 835 3633 posui,
853 3567 914 3634 quin
929 3567 1014 3618 locum
1027 3569 1112 3617 totum
1127 3563 1277 3617 mendosum
1291 3559 1384 3625 habco,

248 3637 276 3684 et
297 3634 384 3702 potins
409 3636 461 3687 tale
484 3635 581 3703 aliquid
603 3651 620 3688 a
645 3635 762 3689 Varrone
785 3639 910 3708 scriptum
933 3653 991 3690 esse
1014 3637 1149 3690 existimo:
1174 3651 1208 3684 ex
1233 3630 1384 3703 regionibns

247 3702 404 3756 Archile
421 3710 665 3775 quaePetrcco
682 3705 821 3759 dicuntur.
934 3707 1008 3780 quor]
1019 3709 1055 3761 (i.
1083 3707 1129 3758 cui
1146 3711 1207 3760 cell.
1238 3703 1383 3773 Singularis

249 3790 300 3827 uon
319 3775 434 3830 offendet
450 3783 510 3846 post
527 3779 597 3832 dimo
614 3779 648 3830 de
665 3795 718 3850 quo
736 3778 770 3831 ed
788 3780 820 3842 V,
839 3783 900 3836 108.
930 3786 957 3833 et
975 3779 1048 3851 quod
1063 3779 1097 3833 cd
1115 3779 1161 3844 vl,
1178 3767 1223 3830 39.
1350 3781 1383 3824 ur

249 3845 326 3912 vina]
345 3863 387 3914 vg.
424 3857 451 3899 et
468 3848 533 3901 vina
552 3851 628 3904 codd.
752 3859 780 3900 et
799 3871 876 3923 quom
893 3851 934 3918 iu]
952 3852 1051 3920 scripsi.
1088 3859 1193 3902 eccum
1210 3849 1240 3900 in
1256 3863 1300 3914 vg.
1337 3843 1384 3896 sed

250 3936 329 3988 quom
346 3917 375 3970 iu
393 3935 417 3972 o.
452 3919 501 3972 sed
517 3939 577 3973 cum
594 3921 623 3974 in
640 3928 702 3976 cett.
721 3922 797 3976 codd.
907 3923 1023 3993 putant]
1041 3939 1084 3990 vg.
1116 3929 1218 3991 putent
1235 3919 1311 3974 codd.

360 4023 414 4090 68.
439 4036 645 4108 reprehendunt]
664 4041 743 4106 VIII,
761 4043 804 4094 48.
933 4037 1038 4090 *balnea
1055 4039 1131 4105 non']
1149 4057 1202 4092 non
1220 4035 1380 4090 addidi-sua-

250 4107 327 4162 dente
344 4111 453 4180 Popmo.
490 4107 598 4162 balneas
618 4113 744 4182 Spengel.
778 4111 848 4164 Illud
863 4112 980 4178 sequenti
999 4111 1172 4180 disputatione
1187 4109 1380 4178 comprobatur:

166 4241 170 4253 .
249 4196 393 4246 quanquam
418 4179 546 4235 interdum
571 4183 621 4236 iem
646 4183 807 4236 nCieerone
831 4190 859 4235 et
883 4189 942 4253 post
967 4183 1112 4240 Varronem·
1133 4199 1149 4236 a
1173 4183 1260 4235 mnlfis
1284 4178 1379 4230 balnea

250 4253 346 4304 dictum
365 4267 423 4304 csse
441 4258 549 4306 constut-
700 4254 831 4328 'r'demqoe
849 4254 913 4305 irem
935 4255 1053 4322 corzrrn']
1071 4255 1146 4308 Haec
1164 4253 1241 4306 rerba
1258 4253 1284 4306 in
1303 4249 1378 4303 codd.

250 4326 371 4392 leg'mrtur
389 4338 422 4376 eo
441 4323 513 4388 loco,
538 4339 590 4391 quo
609 4325 685 4394 posui
701 4325 794 4380 verba:
820 4326 944 4397 ‘Quibus
962 4325 1114 4398 responderi
1129 4333 1377 4396 porcomortuo
