2864 4814
750 111 769 163 l.

665 267 784 334 arria
817 283 1007 345 anxurus.

222 457 271 530 ll
389 449 456 524 92.
499 451 599 542 Quae
629 474 650 520 a
683 447 820 520 fortuna
849 443 1038 535 voeabula,
1077 443 1112 512 iu
1146 437 1201 510 his
1233 437 1397 536 quaedam

190 629 193 634 ,
283 559 395 628 minus
428 563 567 650 aperta,
603 561 641 622 ut
663 575 816 648 pauper,
851 547 969 638 dives,
1009 546 1131 634 miser,
1170 539 1311 628 heatus,
1354 542 1422 634 sie

283 658 362 728 alia'.
416 656 595 749 Pauper
630 676 650 722 a
681 651 784 748 paulo
816 649 902 720 lare.
967 643 1422 731 llleudionsamiuus,

283 759 365 855 quoi
392 781 461 852 quo
490 778 578 851 opus
608 763 659 824 est
690 754 804 822 minus
827 748 935 820 nihilo
960 759 1024 819 est.
1088 745 1223 815 Dives
1254 767 1289 838 a·
1306 741 1395 831 divo,

285 860 345 956 qui
378 867 417 927 ut
448 854 531 926 deus
563 852 648 923 nihil
678 852 833 951 indigere
864 850 1011 922 videtur.
1076 843 1333 942 Opulentns
1353 841 1423 912 'ab‘

242 991 272 1032 95
284 983 368 1054 ope,
409 957 492 1051 quoi
518 979 558 1024 ea
580 955 704 1051 opime.
758 949 818 1024 Ab
845 950 961 1022 eadem
985 951 1135 1043 inops,
1171 946 1231 1041 qui
1251 945 1324 1016 eius
1351 945 1397 1013 iu·

242 1046 401 1156 ‘diget,
434 1066 468 1126 et
495 1053 538 1126 al)
564 1054 683 1126 eodem
715 1052 811 1125 fonte
838 1053 961 1148 copis
987 1060 1021 1121 et
1043 1048 1270 1144 copiosus.
1324 1045 1424 1140 Pes

285 1159 506 1229 euuiosus
539 1157 558 1224 'a
591 1157 736 1252 pecunia
770 1177 915 1251 magua,
959 1151 1146 1248 pecunia
1178 1172 1199 1217 a
1231 1169 1341 1242 peon,
1382 1170 1398 1214 a

284 1257 481 1355 pastoribus
507 1257 598 1328 enim
623 1256 747 1327 horum
772 1253 1020 1327 vocabulorum
1044 1251 1154 1349 origo.

225 1405 275 1481 18
385 1405 453 1479 95.
481 1402 687 1477 Artifieibus
712 1431 871 1478 maxuma
897 1429 999 1476 eausa
1025 1428 1104 1497 ars,
1131 1401 1167 1472 id
1192 1411 1243 1473 est
1264 1398 1308 1472 ab
1335 1386 1425 1478 artel

288 1507 459 1580 medieiua
490 1516 529 1576 ut
560 1507 605 1576 sit
641 1506 844 1579 medicus
875 1505 1009 1597 dietus,
1047 1529 1068 1574 a
1097 1504 1229 1576 sutrina
1261 1512 1398 1590 sutor,

287 1634 358 1681 non
384 1634 405 1678 a
429 1605 597 1678 medendo
622 1632 662 1677 ae
681 1607 830 1700 suendo,
859 1633 946 1704 quae
968 1607 1106 1678 omniuo
1128 1602 1266 1676 ultimae
1290 1628 1401 1674 earum
1425 1638 1426 1688 t

288 1733 404 1779 rerum
435 1706 590 1797 radices,
627 1718 665 1777 ut
687 1710 725 1778 in
748 1734 916 1805 proxumo
941 1707 1030 1778 libro
1055 1707 1237 1802 aperietur.
1289 1703 1401 1794 Quare

288 1806 383 1904 qnod
408 1805 451 1878 ab
477 1818 548 1878 arte
574 1806 739 1878 artifex
764 1808 889 1880 dieitur
909 1833 973 1879 nee
995 1806 1102 1878 multa
1122 1808 1160 1876 in
1180 1829 1220 1877 eo
1243 1801 1399 1893 obseura,

222 1907 493 2006 (as)relinquam.
686 1905 756 1979 94.
797 1908 929 1983 Similis
956 1931 1059 1980 eausa
1085 1931 1172 2002 quae
1197 1905 1240 1977 ab
1266 1906 1401 1978 seientia

242 2021 431 2105 revosetur
453 2009 581 2105 aliqua,
616 2019 656 2080 ut
687 2012 1042 2108 praestigiator,
1082 2009 1295 2099 monitor,
1333 2033 1402 2078 uo·

288 2109 555 2183 menelator:
590 2111 640 2182 sie
665 2113 766 2182 etiam
791 2137 878 2208 quae
906 2136 927 2181 a
951 2109 1082 2181 studio*
1110 2107 1257 2206 quodam
1287 2107 1428 2192 dicun-r

289 2223 365 2300 tur,
407 2234 589 2301 cursor,
623 2217 823 2303 natator,
859 2211 1000 2310 pugil.
1053 2211 1169 2280 Etiam
1193 2212 1230 2280 in
1255 2208 1324 2280 hoe
1349 2233 1403 2306 ge·

290 2336 397 2404 nere,
425 2322 616 2410 quaesunt
640 2312 830 2405 voeabula,
866 2311 1029 2409 pleraque
1056 2321 1191 2408 aperta,
1224 2321 1264 2381 ut
1286 2309 1404 2408 lepu-

291 2413 359 2483 lus
396 2464 527 2484 .....
559 2414 645 2486 alter
680 2413 722 2484 ab
755 2415 861 2504 oleis,
900 2412 985 2484 alter
1013 2411 1056 2483 ab
1089 2413 1178 2484 uvis.
1247 2411 1349 2482 Haeo
1379 2412 1405 2480 si

292 2515 408 2584 minus
440 2524 577 2611 aperta:
620 2516 937 2606 vindemiator,
978 2514 1250 2610 vestigiator
1282 2523 1319 2584 et
1343 2511 1429 2582 ve?

291 2623 443 2685 nator:
480 2626 605 2685 tamen·
627 2615 706 2686 iude
737 2627 787 2688 est
815 2614 1056 2704 vindemiator,
1093 2613 1150 2684 vel
1174 2613 1267 2710 quod
1292 2615 1406 2684 vinum

290 2711 404 2809 legere
430 2712 577 2805 dieitur,
610 2715 666 2786 vel
689 2715 782 2812 quod
807 2714 849 2786 de
873 2717 934 2785 viti
959 2714 995 2784 id
1018 2714 1179 2808 demunt,
1213 2715 1407 2812 vestigiator

249 2837 313 2889 aaa
341 2814 492 2910 vestigiis
527 2813 676 2887 ferarum
708 2841 796 2912 quas
827 2815 1029 2913 indagatur,
1075 2828 1216 2889 venator
1244 2827 1406 2906 aventu,

292 2913 385 3010 qnod
412 2915 566 3012 sequitur
591 2916 734 2988 verbum
759 2915 942 2988 adveutum
966 2926 1000 2988 et
1022 2918 1211 2992 inventum.

406 3103 458 3169 92·
483 3118 545 3187 quo]
563 3120 630 3173 coni.
666 3139 724 3172 cum
742 3121 816 3174 codd.
964 3119 1057 3185 nihilo]
1076 3119 1142 3172 eoui.
1160 3118 1304 3186 Scioppius.
1340 3115 1409 3166 nullo

294 3186 367 3240 ⁰⁰dd·
445 3255 450 3266 ι
520 3189 647 3257 videtum]
664 3193 728 3246 Post
746 3192 770 3245 lr.
789 3209 812 3244 v.
832 3207 897 3257 quae
914 3206 957 3257 vg.
976 3193 1110 3257 legentum
1138 3193 1242 3240 Beatus
1260 3190 1307 3260 qui
1325 3187 1409 3238 multa

295 3255 363 3308 bona
376 3255 503 3324 possidet,
522 3273 572 3310 nou
584 3268 643 3313 sunt
660 3264 685 3314 iu
703 3264 777 3317 codd.
796 3264 844 3316 uisi
863 3264 930 3314 sorte
946 3263 972 3314 iu
989 3262 1015 3314 b.
1127 3259 1238 3326 eo]GH.
1272 3277 1320 3310 eae
1334 3259 1409 3310 Faba.

295 3327 387 3396 opime]
399 3326 447 3410 fd·
464 3327 583 3396 princeps
601 3333 724 3400 aliaeque.
765 3335 861 3402 optime
879 3333 955 3390 GHa.
991 3331 1091 3400 opimae
1108 3331 1171 3383 Fbc.
1331 3328 1411 3397 copis]

296 3401 462 3464 Augustulus.
507 3399 586 3466 copiis
604 3403 679 3455 eodd.
713 3405 789 3473 Apud
805 3405 964 3457 Prisciauam
983 3419 1043 3472 ceps
1061 3407 1107 3454 est.
1276 3417 1364 3469 pecu5
1383 3400 1409 3464 a]

297 3470 399 3538 scripsi.
433 3485 518 3535 pecua
536 3469 611 3524 GHa.
643 3490 710 3540 pecu
729 3483 789 3528 cett,

407 3561 458 3630 93.
485 3577 605 3642 ultimae]
619 3579 684 3631 coni.
719 3580 816 3632 ultima
833 3581 896 3632 huie
913 3581 951 3632 rei
967 3581 1042 3634 codd.
1077 3579 1136 3632 Hoe
1155 3576 1220 3630 truie
1241 3580 1279 3632 rei
1295 3586 1412 3648 tanquam

298 3665 314 3702 e
331 3651 502 3720 διττογραφίᾳ
519 3655 602 3702 ortum
620 3650 709 3702 delevi.

408 3742 460 3807 94.
486 3755 597 3822 studia]
616 3754 759 3822 Scioppius.
795 3755 883 3824 apertio
901 3757 975 3810 codd.
1011 3758 1260 3824 Veramleetiouem
1276 3757 1361 3812 adhue
1378 3760 1413 3810 la-

298 3832 443 3912 tereUputo.
531 3824 659 3916 'legulae
737 3862 743 3877 .
755 3827 779 3893 .]
798 3829 914 3909 lacunam
931 3829 1053 3909 indicavi,
1074 3845 1217 3898 quanquam
1229 3833 1256 3882 in
1274 3830 1349 3883 codd.
1367 3845 1412 3882 uon

297 3897 1018 4031 ff'illl‘sltalallidi‘⁰‘.J¹..{'''‡‘¹‘'”¹t‘⁰l‘.
1043 3901 1415 4023 .l..⁰.‘¹·2.{l.¹¹‘.³..⁶‘⁰⁵⁵i.l¹¹²l

298 3983 485 4116 p'irmutattoue
502 4037 587 4089 Praef.
618 4039 682 4090 Post
696 4007 719 4090 ti.
731 4055 756 4090 v.
771 3987 1046 4122 qaodtaldduutieodd.
1067 4011 1136 4107 quod
1154 3987 1298 4094 oinist.voca
1346 3986 1415 4112 papas

297 4105 1136 4244 ttttttt‘tta‘ttttttt·..tttttttt'tt‘0'0t‘ta
1170 4109 1415 4233 ..tata-‘tlt'

295 4247 402 4332 scribit)
415 4217 538 4319 sequitur
553 4257 580 4298 et
595 4249 668 4300 locres
681 4259 708 4300 et
726 4259 836 4317 tempus.
863 4253 945 4304 Acuta
957 4220 1187 4318 timea'Seatig’err
1206 4183 1336 4308 aventii
1350 4201 1417 4320 guod

295 4325 417 4389 sequetur
431 4337 534 4370 cervum
548 4319 586 4368 ad
597 4328 710 4371 ventum.
744 4321 838 4377 Posses
853 4322 915 4376 haee
927 4336 966 4376 vv.
977 4323 1101 4376 translata
1114 4329 1203 4390 putare
1216 4338 1232 4372 e
1244 4323 1415 4390 sequentibus.
