<?xml version="1.0" encoding="UTF-8"?>
<!DOCTYPE html PUBLIC "-//W3C//DTD XHTML 1.0 Transitional//EN"
    "http://www.w3.org/TR/xhtml1/DTD/xhtml1-transitional.dtd">
<html xmlns="http://www.w3.org/1999/xhtml" xml:lang="en" lang="en">
 <head>
  <title>
</title>
<meta http-equiv="Content-Type" content="text/html;charset=utf-8" />
  <meta name='ocr-system' content='tesseract 3.04.00' />
  <meta name='ocr-capabilities' content='ocr_page ocr_carea ocr_par ocr_line ocrx_word'/>
</head>
<body>
  <div class='ocr_page' id='page_1' title='image "./mterentivarroni00mlgoog/mterentivarroni00mlgoog_0268.png"; bbox 0 0 2866 4812; ppageno 0'>
   <div class='ocr_carea' id='block_1_1' title="bbox 251 239 970 320">
    <p class='ocr_par' dir='ltr' id='par_1_1' title="bbox 251 239 970 320">
     <span class='ocr_line' id='line_1_1' title="bbox 251 239 970 320; baseline 0.001 -13"><span class='ocrx_word' id='word_1_1' title='bbox 251 239 332 320; x_wconf 72' lang='lat'><strong>210</strong></span> <span class='ocrx_word' id='word_1_2' title='bbox 655 261 778 308; x_wconf 77' lang='lat' dir='ltr'><strong>urunt</strong></span> <span class='ocrx_word' id='word_1_3' title='bbox 819 259 970 310; x_wconf 79' lang='lat' dir='ltr'><strong>nonus.</strong></span> 
     </span>
    </p>
   </div>
   <div class='ocr_carea' id='block_1_2' title="bbox 124 421 1429 1649">
    <p class='ocr_par' dir='ltr' id='par_1_2' title="bbox 124 421 1429 1649">
     <span class='ocr_line' id='line_1_2' title="bbox 216 421 1383 532; baseline -0.008 -27"><span class='ocrx_word' id='word_1_4' title='bbox 216 453 220 460; x_wconf 88' lang='lat'><em>·</em></span> <span class='ocrx_word' id='word_1_5' title='bbox 250 453 339 532; x_wconf 81' lang='lat' dir='ltr'><strong>ques</strong></span> <span class='ocrx_word' id='word_1_6' title='bbox 366 428 427 528; x_wconf 89' lang='lat' dir='ltr'><strong>qui</strong></span> <span class='ocrx_word' id='word_1_7' title='bbox 455 423 555 498; x_wconf 84' lang='lat' dir='ltr'><strong>audit</strong></span> <span class='ocrx_word' id='word_1_8' title='bbox 580 447 704 514; x_wconf 84' lang='lat' dir='ltr'><strong>voces,</strong></span> <span class='ocrx_word' id='word_1_9' title='bbox 744 421 887 498; x_wconf 81' lang='lat' dir='ltr'><strong>auribus</strong></span> <span class='ocrx_word' id='word_1_10' title='bbox 912 422 1107 498; x_wconf 82' lang='lat' dir='ltr'><strong>discernere</strong></span> <span class='ocrx_word' id='word_1_11' title='bbox 1128 429 1243 520; x_wconf 84' lang='lat' dir='ltr'><strong>potest</strong></span> <span class='ocrx_word' id='word_1_12' title='bbox 1267 445 1383 514; x_wconf 86' lang='lat' dir='ltr'><strong>nemo,</strong></span> 
     </span>
     <span class='ocr_line' id='line_1_3' title="bbox 138 522 1386 632; baseline -0.01 -24"><span class='ocrx_word' id='word_1_13' title='bbox 138 611 141 618; x_wconf 20' lang='grc' dir='ltr'><strong><em>Δ</em></strong></span> <span class='ocrx_word' id='word_1_14' title='bbox 249 558 355 632; x_wconf 88' lang='lat' dir='ltr'><strong>quom</strong></span> <span class='ocrx_word' id='word_1_15' title='bbox 379 527 518 603; x_wconf 85' lang='lat' dir='ltr'><strong>easdem</strong></span> <span class='ocrx_word' id='word_1_16' title='bbox 543 551 614 598; x_wconf 92' lang='lat' dir='ltr'><strong>non</strong></span> <span class='ocrx_word' id='word_1_17' title='bbox 639 551 716 598; x_wconf 89' lang='lat' dir='ltr'><strong>esse</strong></span> <span class='ocrx_word' id='word_1_18' title='bbox 742 524 870 600; x_wconf 92' lang='lat' dir='ltr'><strong>similes</strong></span> <span class='ocrx_word' id='word_1_19' title='bbox 897 551 941 599; x_wconf 86' lang='lat' dir='ltr'><strong>ex</strong></span> <span class='ocrx_word' id='word_1_20' title='bbox 964 523 1040 597; x_wconf 87' lang='lat' dir='ltr'><strong>aliis</strong></span> <span class='ocrx_word' id='word_1_21' title='bbox 1064 522 1181 598; x_wconf 87' lang='lat' dir='ltr'><strong>verbis</strong></span> <span class='ocrx_word' id='word_1_22' title='bbox 1205 523 1386 624; x_wconf 78' lang='lat' dir='ltr'><strong>intellega-</strong></span> 
     </span>
     <span class='ocr_line' id='line_1_4' title="bbox 249 624 1387 732; baseline -0.009 -25"><span class='ocrx_word' id='word_1_23' title='bbox 249 661 341 728; x_wconf 89' lang='lat' dir='ltr'><strong>mus,</strong></span> <span class='ocrx_word' id='word_1_24' title='bbox 370 631 478 732; x_wconf 90' lang='lat' dir='ltr'><strong>quod,</strong></span> <span class='ocrx_word' id='word_1_25' title='bbox 506 653 587 700; x_wconf 88' lang='lat' dir='ltr'><strong>cum</strong></span> <span class='ocrx_word' id='word_1_26' title='bbox 612 629 657 700; x_wconf 89' lang='lat' dir='ltr'><strong>sit</strong></span> <span class='ocrx_word' id='word_1_27' title='bbox 682 652 806 702; x_wconf 86' lang='lat' dir='ltr'><strong>cruces</strong></span> <span class='ocrx_word' id='word_1_28' title='bbox 830 639 865 702; x_wconf 88' lang='lat' dir='ltr'><strong>et</strong></span> <span class='ocrx_word' id='word_1_29' title='bbox 886 627 1050 726; x_wconf 69' lang='lat' dir='ltr'><strong>Phryges</strong></span> <span class='ocrx_word' id='word_1_30' title='bbox 1073 625 1173 700; x_wconf 89' lang='lat' dir='ltr'><strong>etde</strong></span> <span class='ocrx_word' id='word_1_31' title='bbox 1195 624 1252 698; x_wconf 92' lang='lat' dir='ltr'><strong>bis</strong></span> <span class='ocrx_word' id='word_1_32' title='bbox 1274 637 1387 698; x_wconf 85' lang='lat' dir='ltr'><strong>extre·</strong></span> 
     </span>
     <span class='ocr_line' id='line_1_5' title="bbox 124 726 1429 835; baseline -0.007 -26"><span class='ocrx_word' id='word_1_33' title='bbox 124 739 129 748; x_wconf 66' lang='lat'>‘</span> <span class='ocrx_word' id='word_1_34' title='bbox 189 737 316 821; x_wconf 56' lang='lat' dir='ltr'><strong>„amis</strong></span> <span class='ocrx_word' id='word_1_35' title='bbox 341 731 485 835; x_wconf 73' lang='lat' dir='ltr'><strong>syllabis</strong></span> <span class='ocrx_word' id='word_1_36' title='bbox 509 739 709 827; x_wconf 84' lang='lat' dir='ltr'><strong>exemptum</strong></span> <span class='ocrx_word' id='word_1_37' title='bbox 738 731 786 803; x_wconf 92' lang='lat' dir='ltr'><strong>sit</strong></span> <span class='ocrx_word' id='word_1_38' title='bbox 810 730 867 821; x_wconf 87' lang='lat' dir='ltr'><strong>E,</strong></span> <span class='ocrx_word' id='word_1_39' title='bbox 902 755 947 803; x_wconf 84' lang='lat' dir='ltr'><strong>ex</strong></span> <span class='ocrx_word' id='word_1_40' title='bbox 970 729 1079 802; x_wconf 89' lang='lat' dir='ltr'><strong>altero</strong></span> <span class='ocrx_word' id='word_1_41' title='bbox 1101 727 1143 800; x_wconf 86' lang='lat' dir='ltr'><strong>lit</strong></span> <span class='ocrx_word' id='word_1_42' title='bbox 1168 739 1207 800; x_wconf 91' lang='lat' dir='ltr'><strong>ut</strong></span> <span class='ocrx_word' id='word_1_43' title='bbox 1230 753 1276 800; x_wconf 84' lang='lat' dir='ltr'><strong>ex</strong></span> <span class='ocrx_word' id='word_1_44' title='bbox 1298 726 1330 801; x_wconf 82' lang='lat' dir='ltr'><strong>G</strong></span> <span class='ocrx_word' id='word_1_45' title='bbox 1356 741 1388 800; x_wconf 89' lang='lat' dir='ltr'><strong>et</strong></span> <span class='ocrx_word' id='word_1_46' title='bbox 1428 761 1429 778; x_wconf 23' lang='grc' dir='ltr'>ἒ</span> 
     </span>
     <span class='ocr_line' id='line_1_6' title="bbox 186 829 1429 932; baseline -0.009 -20"><span class='ocrx_word' id='word_1_47' title='bbox 186 835 278 912; x_wconf 54' lang='lat' dir='ltr'><strong>*S</strong></span> <span class='ocrx_word' id='word_1_48' title='bbox 302 863 410 927; x_wconf 84' lang='lat' dir='ltr'><strong>crux,</strong></span> <span class='ocrx_word' id='word_1_49' title='bbox 442 861 487 908; x_wconf 81' lang='lat' dir='ltr'><strong>ex</strong></span> <span class='ocrx_word' id='word_1_50' title='bbox 511 832 621 905; x_wconf 89' lang='lat' dir='ltr'><strong>altero</strong></span> <span class='ocrx_word' id='word_1_51' title='bbox 643 829 680 904; x_wconf 86' lang='lat' dir='ltr'><strong>G</strong></span> <span class='ocrx_word' id='word_1_52' title='bbox 704 841 740 907; x_wconf 90' lang='lat' dir='ltr'><strong>et</strong></span> <span class='ocrx_word' id='word_1_53' title='bbox 764 831 794 905; x_wconf 89' lang='lat' dir='ltr'>S</span> <span class='ocrx_word' id='word_1_54' title='bbox 819 830 967 932; x_wconf 68' lang='lat' dir='ltr'><strong>Phryx,</strong></span> <span class='ocrx_word' id='word_1_55' title='bbox 1006 829 1101 928; x_wconf 88' lang='lat' dir='ltr'><strong>quod</strong></span> <span class='ocrx_word' id='word_1_56' title='bbox 1123 832 1208 903; x_wconf 89' lang='lat' dir='ltr'><strong>item</strong></span> <span class='ocrx_word' id='word_1_57' title='bbox 1228 841 1384 928; x_wconf 86' lang='lat' dir='ltr'><strong>apparet,</strong></span> <span class='ocrx_word' id='word_1_58' title='bbox 1427 887 1429 890; x_wconf 89' lang='lat'>.</span> 
     </span>
     <span class='ocr_line' id='line_1_7' title="bbox 248 931 1429 1033; baseline -0.008 -20"><span class='ocrx_word' id='word_1_59' title='bbox 248 965 329 1014; x_wconf 93' lang='lat' dir='ltr'><strong>cum</strong></span> <span class='ocrx_word' id='word_1_60' title='bbox 354 947 409 1013; x_wconf 89' lang='lat' dir='ltr'><strong>est</strong></span> <span class='ocrx_word' id='word_1_61' title='bbox 441 935 619 1033; x_wconf 87' lang='lat' dir='ltr'><strong>demptum</strong></span> <span class='ocrx_word' id='word_1_62' title='bbox 645 933 702 1028; x_wconf 77' lang='lat' dir='ltr'><strong>S3</strong></span> <span class='ocrx_word' id='word_1_63' title='bbox 745 959 827 1007; x_wconf 88' lang='lat' dir='ltr'><strong>nam</strong></span> <span class='ocrx_word' id='word_1_64' title='bbox 857 932 899 1006; x_wconf 88' lang='lat' dir='ltr'><strong>lit</strong></span> <span class='ocrx_word' id='word_1_65' title='bbox 930 958 1039 1005; x_wconf 91' lang='lat' dir='ltr'><strong>unum</strong></span> <span class='ocrx_word' id='word_1_66' title='bbox 1074 933 1195 1024; x_wconf 89' lang='lat' dir='ltr'><strong>cruci,</strong></span> <span class='ocrx_word' id='word_1_67' title='bbox 1240 931 1386 1004; x_wconf 84' lang='lat' dir='ltr'><strong>alterum</strong></span> <span class='ocrx_word' id='word_1_68' title='bbox 1428 967 1429 1022; x_wconf 74' lang='lat'>3</span> 
     </span>
     <span class='ocr_line' id='line_1_8' title="bbox 185 1067 1429 1238; baseline -0.007 -21"><span class='ocrx_word' id='word_1_69' title='bbox 185 1163 239 1238; x_wconf 75' lang='lat'><strong>32</strong></span> <span class='ocrx_word' id='word_1_70' title='bbox 326 1067 420 1216; x_wconf 62' lang='lat' dir='ltr'><strong>ydli.</strong></span> <span class='ocrx_word' id='word_1_71' title='bbox 462 1138 570 1230; x_wconf 81' lang='lat' dir='ltr'><strong>Quod</strong></span> <span class='ocrx_word' id='word_1_72' title='bbox 596 1141 714 1230; x_wconf 89' lang='lat' dir='ltr'><strong>aiunt,</strong></span> <span class='ocrx_word' id='word_1_73' title='bbox 747 1163 827 1210; x_wconf 89' lang='lat' dir='ltr'><strong>cum</strong></span> <span class='ocrx_word' id='word_1_74' title='bbox 857 1140 895 1209; x_wconf 90' lang='lat' dir='ltr'><strong>in</strong></span> <span class='ocrx_word' id='word_1_75' title='bbox 927 1137 1056 1210; x_wconf 86' lang='lat' dir='ltr'><strong>maiore</strong></span> <span class='ocrx_word' id='word_1_76' title='bbox 1091 1147 1188 1233; x_wconf 82' lang='lat' dir='ltr'><strong>parte</strong></span> <span class='ocrx_word' id='word_1_77' title='bbox 1220 1137 1384 1210; x_wconf 84' lang='lat' dir='ltr'><strong>orationis</strong></span> <span class='ocrx_word' id='word_1_78' title='bbox 1428 1165 1429 1238; x_wconf 77' lang='lat'><em>}</em></span> 
     </span>
     <span class='ocr_line' id='line_1_9' title="bbox 168 1236 1429 1339; baseline -0.008 -21"><span class='ocrx_word' id='word_1_79' title='bbox 168 1257 174 1268; x_wconf 83' lang='lat'>&#39;</span> <span class='ocrx_word' id='word_1_80' title='bbox 247 1270 318 1318; x_wconf 89' lang='lat' dir='ltr'><strong>non</strong></span> <span class='ocrx_word' id='word_1_81' title='bbox 340 1247 388 1316; x_wconf 86' lang='lat' dir='ltr'><strong>sit</strong></span> <span class='ocrx_word' id='word_1_82' title='bbox 409 1241 619 1333; x_wconf 75' lang='lat' dir='ltr'><strong>similitudo,</strong></span> <span class='ocrx_word' id='word_1_83' title='bbox 653 1266 724 1326; x_wconf 82' lang='lat' dir='ltr'><strong>non</strong></span> <span class='ocrx_word' id='word_1_84' title='bbox 744 1266 821 1312; x_wconf 88' lang='lat' dir='ltr'><strong>esse</strong></span> <span class='ocrx_word' id='word_1_85' title='bbox 841 1239 1044 1339; x_wconf 68' lang='lat' dir='ltr'><strong>analogian,</strong></span> <span class='ocrx_word' id='word_1_86' title='bbox 1074 1236 1258 1336; x_wconf 78' lang='lat' dir='ltr'><strong>dupliciter</strong></span> <span class='ocrx_word' id='word_1_87' title='bbox 1283 1239 1383 1310; x_wconf 88' lang='lat' dir='ltr'><strong>stulte</strong></span> <span class='ocrx_word' id='word_1_88' title='bbox 1427 1241 1429 1294; x_wconf 76' lang='lat' dir='ltr'><strong>l</strong></span> 
     </span>
     <span class='ocr_line' id='line_1_10' title="bbox 246 1341 1429 1443; baseline -0.009 -21"><span class='ocrx_word' id='word_1_89' title='bbox 246 1346 389 1437; x_wconf 76' lang='lat' dir='ltr'><strong>dsunt,</strong></span> <span class='ocrx_word' id='word_1_90' title='bbox 426 1343 522 1443; x_wconf 89' lang='lat' dir='ltr'><strong>quod</strong></span> <span class='ocrx_word' id='word_1_91' title='bbox 547 1355 582 1416; x_wconf 92' lang='lat' dir='ltr'><strong>et</strong></span> <span class='ocrx_word' id='word_1_92' title='bbox 602 1345 640 1414; x_wconf 95' lang='lat' dir='ltr'><strong>iu</strong></span> <span class='ocrx_word' id='word_1_93' title='bbox 665 1343 795 1415; x_wconf 89' lang='lat' dir='ltr'><strong>maiore</strong></span> <span class='ocrx_word' id='word_1_94' title='bbox 820 1353 918 1439; x_wconf 90' lang='lat' dir='ltr'><strong>parte</strong></span> <span class='ocrx_word' id='word_1_95' title='bbox 943 1352 1014 1433; x_wconf 92' lang='lat' dir='ltr'><strong>est,</strong></span> <span class='ocrx_word' id='word_1_96' title='bbox 1051 1351 1106 1431; x_wconf 89' lang='lat' dir='ltr'><strong>et,</strong></span> <span class='ocrx_word' id='word_1_97' title='bbox 1142 1342 1230 1412; x_wconf 89' lang='lat' dir='ltr'><strong>siin</strong></span> <span class='ocrx_word' id='word_1_98' title='bbox 1253 1342 1383 1414; x_wconf 87' lang='lat' dir='ltr'><strong>minore</strong></span> <span class='ocrx_word' id='word_1_99' title='bbox 1428 1341 1429 1430; x_wconf 52' lang='lat' dir='ltr'><strong>i</strong></span> 
     </span>
     <span class='ocr_line' id='line_1_11' title="bbox 246 1439 1379 1541; baseline -0.004 -19"><span class='ocrx_word' id='word_1_100' title='bbox 246 1449 313 1541; x_wconf 81' lang='lat' dir='ltr'><strong>sit,</strong></span> <span class='ocrx_word' id='word_1_101' title='bbox 340 1459 457 1520; x_wconf 89' lang='lat' dir='ltr'><strong>tamen</strong></span> <span class='ocrx_word' id='word_1_102' title='bbox 478 1446 555 1537; x_wconf 62' lang='lat' dir='ltr'><strong>sit,</strong></span> <span class='ocrx_word' id='word_1_103' title='bbox 579 1445 646 1520; x_wconf 90' lang='lat' dir='ltr'><strong>nisi</strong></span> <span class='ocrx_word' id='word_1_104' title='bbox 670 1446 773 1516; x_wconf 88' lang='lat' dir='ltr'><strong>etiam</strong></span> <span class='ocrx_word' id='word_1_105' title='bbox 797 1469 861 1516; x_wconf 93' lang='lat' dir='ltr'><strong>nos</strong></span> <span class='ocrx_word' id='word_1_106' title='bbox 884 1443 1020 1516; x_wconf 85' lang='lat' dir='ltr'><strong>calceos</strong></span> <span class='ocrx_word' id='word_1_107' title='bbox 1042 1439 1220 1541; x_wconf 78' lang='lat' dir='ltr'><strong>negabunt</strong></span> <span class='ocrx_word' id='word_1_108' title='bbox 1240 1440 1379 1532; x_wconf 85' lang='lat' dir='ltr'><strong>babere,</strong></span> 
     </span>
     <span class='ocr_line' id='line_1_12' title="bbox 245 1541 1348 1649; baseline -0.007 -25"><span class='ocrx_word' id='word_1_109' title='bbox 245 1548 340 1649; x_wconf 79' lang='lat' dir='ltr'><strong>quod</strong></span> <span class='ocrx_word' id='word_1_110' title='bbox 364 1551 402 1621; x_wconf 92' lang='lat' dir='ltr'><strong>in</strong></span> <span class='ocrx_word' id='word_1_111' title='bbox 428 1549 557 1621; x_wconf 85' lang='lat' dir='ltr'><strong>maiore</strong></span> <span class='ocrx_word' id='word_1_112' title='bbox 582 1557 680 1645; x_wconf 84' lang='lat' dir='ltr'><strong>parte</strong></span> <span class='ocrx_word' id='word_1_113' title='bbox 706 1547 862 1644; x_wconf 86' lang='lat' dir='ltr'><strong>corporis</strong></span> <span class='ocrx_word' id='word_1_114' title='bbox 886 1544 1022 1618; x_wconf 86' lang='lat' dir='ltr'><strong>calceos</strong></span> <span class='ocrx_word' id='word_1_115' title='bbox 1047 1569 1119 1616; x_wconf 92' lang='lat' dir='ltr'><strong>non</strong></span> <span class='ocrx_word' id='word_1_116' title='bbox 1143 1541 1348 1618; x_wconf 86' lang='lat' dir='ltr'><strong>babeamus.</strong></span> 
     </span>
    </p>
   </div>
   <div class='ocr_carea' id='block_1_3' title="bbox 121 1671 1429 2692">
    <p class='ocr_par' dir='ltr' id='par_1_3' title="bbox 122 1671 1429 1774">
     <span class='ocr_line' id='line_1_13' title="bbox 122 1671 1429 1774; baseline -0.003 -24"><span class='ocrx_word' id='word_1_117' title='bbox 122 1680 125 1688; x_wconf 83' lang='lat'>&#39;</span> <span class='ocrx_word' id='word_1_118' title='bbox 182 1689 239 1767; x_wconf 76' lang='grc'><strong>55</strong></span> <span class='ocrx_word' id='word_1_119' title='bbox 269 1725 273 1734; x_wconf 91' lang='lat'><em>·</em></span> <span class='ocrx_word' id='word_1_120' title='bbox 347 1675 416 1750; x_wconf 76' lang='lat' dir='ltr'><strong>ld.</strong></span> <span class='ocrx_word' id='word_1_121' title='bbox 452 1674 560 1767; x_wconf 82' lang='lat' dir='ltr'><strong>Quod</strong></span> <span class='ocrx_word' id='word_1_122' title='bbox 581 1676 721 1768; x_wconf 88' lang='lat' dir='ltr'><strong>dicunt,</strong></span> <span class='ocrx_word' id='word_1_123' title='bbox 749 1701 813 1749; x_wconf 90' lang='lat' dir='ltr'><strong>nos</strong></span> <span class='ocrx_word' id='word_1_124' title='bbox 837 1676 937 1774; x_wconf 89' lang='lat' dir='ltr'><strong>sequi</strong></span> <span class='ocrx_word' id='word_1_125' title='bbox 957 1671 1294 1766; x_wconf 77' lang='lat' dir='ltr'><strong>dissimilitudinem,</strong></span> <span class='ocrx_word' id='word_1_126' title='bbox 1320 1675 1429 1762; x_wconf 65' lang='lat' dir='ltr'><strong>ita-,1</strong></span> 
     </span>
    </p>

    <p class='ocr_par' dir='ltr' id='par_1_4' title="bbox 121 1749 1429 2286">
     <span class='ocr_line' id='line_1_14' title="bbox 195 1749 1429 1882; baseline -0.005 -30"><span class='ocrx_word' id='word_1_127' title='bbox 195 1805 317 1882; x_wconf 72' lang='lat' dir='ltr'><strong>sasque</strong></span> <span class='ocrx_word' id='word_1_128' title='bbox 346 1781 383 1850; x_wconf 89' lang='lat' dir='ltr'><strong>iu</strong></span> <span class='ocrx_word' id='word_1_129' title='bbox 415 1779 564 1869; x_wconf 81' lang='lat' dir='ltr'><strong>vestitu,</strong></span> <span class='ocrx_word' id='word_1_130' title='bbox 602 1777 639 1847; x_wconf 93' lang='lat' dir='ltr'><strong>in</strong></span> <span class='ocrx_word' id='word_1_131' title='bbox 665 1776 878 1873; x_wconf 81' lang='lat' dir='ltr'><strong>supellectile</strong></span> <span class='ocrx_word' id='word_1_132' title='bbox 904 1775 1068 1849; x_wconf 87' lang='lat' dir='ltr'><strong>delectari</strong></span> <span class='ocrx_word' id='word_1_133' title='bbox 1083 1767 1277 1868; x_wconf 53' lang='lat' dir='ltr'><strong>&#39;venetam</strong></span> <span class='ocrx_word' id='word_1_134' title='bbox 1312 1783 1378 1847; x_wconf 89' lang='lat' dir='ltr'><strong>non</strong></span> <span class='ocrx_word' id='word_1_135' title='bbox 1427 1749 1429 1826; x_wconf 80' lang='lat' dir='ltr'><strong>l</strong></span> 
     </span>
     <span class='ocr_line' id='line_1_15' title="bbox 121 1876 1378 1980; baseline -0.002 -30"><span class='ocrx_word' id='word_1_136' title='bbox 121 1937 129 1950; x_wconf 77' lang='grc'><em>,</em></span> <span class='ocrx_word' id='word_1_137' title='bbox 185 1876 391 1980; x_wconf 60' lang='lat' dir='ltr'><strong>”paribus</strong></span> <span class='ocrx_word' id='word_1_138' title='bbox 413 1878 593 1952; x_wconf 82' lang='lat' dir='ltr'><strong>subuculis</strong></span> <span class='ocrx_word' id='word_1_139' title='bbox 619 1880 761 1950; x_wconf 87' lang='lat' dir='ltr'><strong>uxoris:</strong></span> <span class='ocrx_word' id='word_1_140' title='bbox 790 1877 1004 1976; x_wconf 85' lang='lat' dir='ltr'><strong>respondeo,</strong></span> <span class='ocrx_word' id='word_1_141' title='bbox 1030 1879 1061 1949; x_wconf 92' lang='lat' dir='ltr'><strong>si</strong></span> <span class='ocrx_word' id='word_1_142' title='bbox 1086 1878 1234 1950; x_wconf 80' lang='lat' dir='ltr'><strong>varietas</strong></span> <span class='ocrx_word' id='word_1_143' title='bbox 1259 1879 1378 1949; x_wconf 89' lang='lat' dir='ltr'><strong>iucun-</strong></span> 
     </span>
     <span class='ocr_line' id='line_1_16' title="bbox 175 1978 1379 2081; baseline -0.007 -23"><span class='ocrx_word' id='word_1_144' title='bbox 175 1983 358 2081; x_wconf 78' lang='lat' dir='ltr'><strong>(nuditas,</strong></span> <span class='ocrx_word' id='word_1_145' title='bbox 384 1982 497 2081; x_wconf 79' lang='lat' dir='ltr'><strong>magis</strong></span> <span class='ocrx_word' id='word_1_146' title='bbox 518 1982 653 2054; x_wconf 82' lang='lat' dir='ltr'><strong>varium</strong></span> <span class='ocrx_word' id='word_1_147' title='bbox 676 2005 774 2071; x_wconf 85' lang='lat' dir='ltr'><strong>esse,</strong></span> <span class='ocrx_word' id='word_1_148' title='bbox 801 1981 839 2052; x_wconf 90' lang='lat' dir='ltr'><strong>iu</strong></span> <span class='ocrx_word' id='word_1_149' title='bbox 864 2004 936 2077; x_wconf 88' lang='lat' dir='ltr'><strong>quo</strong></span> <span class='ocrx_word' id='word_1_150' title='bbox 959 1979 1025 2050; x_wconf 86' lang='lat' dir='ltr'><strong>alia</strong></span> <span class='ocrx_word' id='word_1_151' title='bbox 1048 1988 1133 2051; x_wconf 91' lang='lat' dir='ltr'><strong>sunt</strong></span> <span class='ocrx_word' id='word_1_152' title='bbox 1153 1978 1291 2071; x_wconf 86' lang='lat' dir='ltr'><strong>similia,</strong></span> <span class='ocrx_word' id='word_1_153' title='bbox 1317 1979 1379 2050; x_wconf 90' lang='lat' dir='ltr'><strong>alia</strong></span> 
     </span>
     <span class='ocr_line' id='line_1_17' title="bbox 246 2079 1378 2180; baseline -0.005 -21"><span class='ocrx_word' id='word_1_154' title='bbox 246 2111 319 2159; x_wconf 92' lang='lat' dir='ltr'><strong>non</strong></span> <span class='ocrx_word' id='word_1_155' title='bbox 344 2095 447 2157; x_wconf 89' lang='lat' dir='ltr'><strong>sunt:</strong></span> <span class='ocrx_word' id='word_1_156' title='bbox 485 2084 601 2180; x_wconf 87' lang='lat' dir='ltr'><strong>itaque</strong></span> <span class='ocrx_word' id='word_1_157' title='bbox 627 2084 719 2155; x_wconf 76' lang='lat' dir='ltr'><strong>siem</strong></span> <span class='ocrx_word' id='word_1_158' title='bbox 743 2079 891 2154; x_wconf 78' lang='lat' dir='ltr'><strong>abacum</strong></span> <span class='ocrx_word' id='word_1_159' title='bbox 905 2091 1061 2180; x_wconf 78' lang='lat' dir='ltr'><strong>&#39;argento</strong></span> <span class='ocrx_word' id='word_1_160' title='bbox 1086 2083 1224 2175; x_wconf 86' lang='lat' dir='ltr'><strong>ornari,</strong></span> <span class='ocrx_word' id='word_1_161' title='bbox 1250 2092 1292 2154; x_wconf 90' lang='lat' dir='ltr'><strong>ut</strong></span> <span class='ocrx_word' id='word_1_162' title='bbox 1315 2081 1378 2153; x_wconf 89' lang='lat' dir='ltr'><strong>alia</strong></span> 
     </span>
     <span class='ocr_line' id='line_1_18' title="bbox 246 2179 1377 2286; baseline -0.006 -26"><span class='ocrx_word' id='word_1_163' title='bbox 246 2188 345 2286; x_wconf 83' lang='lat' dir='ltr'><strong>paria</strong></span> <span class='ocrx_word' id='word_1_164' title='bbox 362 2187 447 2278; x_wconf 84' lang='lat' dir='ltr'><strong>siut,</strong></span> <span class='ocrx_word' id='word_1_165' title='bbox 474 2183 541 2256; x_wconf 86' lang='lat' dir='ltr'><strong>alia</strong></span> <span class='ocrx_word' id='word_1_166' title='bbox 561 2182 726 2281; x_wconf 88' lang='lat' dir='ltr'><strong>disparia,</strong></span> <span class='ocrx_word' id='word_1_167' title='bbox 751 2185 802 2256; x_wconf 88' lang='lat' dir='ltr'><strong>sic</strong></span> <span class='ocrx_word' id='word_1_168' title='bbox 822 2185 1025 2257; x_wconf 89' lang='lat' dir='ltr'><strong>orationem.</strong></span> <span class='ocrx_word' id='word_1_169' title='bbox 1129 2179 1204 2284; x_wconf 49' lang='lat' dir='ltr'><strong>ill,</strong></span> <span class='ocrx_word' id='word_1_170' title='bbox 1224 2184 1377 2282; x_wconf 76' lang='lat' dir='ltr'><strong>Rogant,</strong></span> 
     </span>
    </p>

    <p class='ocr_par' dir='ltr' id='par_1_5' title="bbox 184 2281 1421 2692">
     <span class='ocr_line' id='line_1_19' title="bbox 247 2281 1421 2384; baseline -0.007 -21"><span class='ocrx_word' id='word_1_171' title='bbox 247 2290 279 2364; x_wconf 88' lang='lat' dir='ltr'><strong>si</strong></span> <span class='ocrx_word' id='word_1_172' title='bbox 303 2286 493 2362; x_wconf 82' lang='lat' dir='ltr'><strong>similitudo</strong></span> <span class='ocrx_word' id='word_1_173' title='bbox 519 2289 565 2364; x_wconf 85' lang='lat' dir='ltr'><strong>sit</strong></span> <span class='ocrx_word' id='word_1_174' title='bbox 589 2285 790 2384; x_wconf 88' lang='lat' dir='ltr'><strong>sequenda,</strong></span> <span class='ocrx_word' id='word_1_175' title='bbox 831 2311 895 2358; x_wconf 86' lang='lat' dir='ltr'><strong>cur</strong></span> <span class='ocrx_word' id='word_1_176' title='bbox 920 2284 1079 2360; x_wconf 88' lang='lat' dir='ltr'><strong>malimus</strong></span> <span class='ocrx_word' id='word_1_177' title='bbox 1112 2281 1241 2378; x_wconf 83' lang='lat' dir='ltr'><strong>babere</strong></span> <span class='ocrx_word' id='word_1_178' title='bbox 1273 2284 1379 2358; x_wconf 87' lang='lat' dir='ltr'><strong>lectos</strong></span> <span class='ocrx_word' id='word_1_179' title='bbox 1418 2329 1421 2336; x_wconf 93' lang='lat'>·</span> 
     </span>
     <span class='ocr_line' id='line_1_20' title="bbox 184 2385 1379 2488; baseline -0.008 -21"><span class='ocrx_word' id='word_1_180' title='bbox 184 2389 331 2468; x_wconf 79' lang='lat' dir='ltr'><strong>rasalios</strong></span> <span class='ocrx_word' id='word_1_181' title='bbox 355 2415 399 2462; x_wconf 85' lang='lat' dir='ltr'><strong>ex</strong></span> <span class='ocrx_word' id='word_1_182' title='bbox 424 2387 548 2482; x_wconf 89' lang='lat' dir='ltr'><strong>ebore,</strong></span> <span class='ocrx_word' id='word_1_183' title='bbox 578 2385 665 2462; x_wconf 90' lang='lat' dir='ltr'><strong>alios</strong></span> <span class='ocrx_word' id='word_1_184' title='bbox 691 2415 736 2461; x_wconf 87' lang='lat' dir='ltr'><strong>ex</strong></span> <span class='ocrx_word' id='word_1_185' title='bbox 759 2387 952 2482; x_wconf 84' lang='lat' dir='ltr'><strong>testudine,</strong></span> <span class='ocrx_word' id='word_1_186' title='bbox 987 2390 1038 2460; x_wconf 89' lang='lat' dir='ltr'><strong>sic</strong></span> <span class='ocrx_word' id='word_1_187' title='bbox 1061 2389 1144 2459; x_wconf 89' lang='lat' dir='ltr'><strong>item</strong></span> <span class='ocrx_word' id='word_1_188' title='bbox 1167 2411 1294 2488; x_wconf 75' lang='lat' dir='ltr'><strong>genere</strong></span> <span class='ocrx_word' id='word_1_189' title='bbox 1320 2387 1379 2458; x_wconf 88' lang='lat' dir='ltr'><strong>ali-</strong></span> 
     </span>
     <span class='ocr_line' id='line_1_21' title="bbox 245 2486 1381 2590; baseline -0.005 -24"><span class='ocrx_word' id='word_1_190' title='bbox 245 2515 317 2590; x_wconf 82' lang='lat' dir='ltr'><strong>quo</strong></span> <span class='ocrx_word' id='word_1_191' title='bbox 353 2490 435 2564; x_wconf 89' lang='lat' dir='ltr'><strong>alic.</strong></span> <span class='ocrx_word' id='word_1_192' title='bbox 496 2486 560 2562; x_wconf 82' lang='lat' dir='ltr'><strong>Ad</strong></span> <span class='ocrx_word' id='word_1_193' title='bbox 593 2516 682 2588; x_wconf 91' lang='lat' dir='ltr'><strong>quae</strong></span> <span class='ocrx_word' id='word_1_194' title='bbox 714 2490 794 2563; x_wconf 94' lang='lat' dir='ltr'><strong>dico</strong></span> <span class='ocrx_word' id='word_1_195' title='bbox 827 2517 898 2564; x_wconf 93' lang='lat' dir='ltr'><strong>non</strong></span> <span class='ocrx_word' id='word_1_196' title='bbox 933 2487 1229 2563; x_wconf 84' lang='lat' dir='ltr'><strong>dissimilitudines</strong></span> <span class='ocrx_word' id='word_1_197' title='bbox 1255 2488 1381 2562; x_wconf 86' lang='lat' dir='ltr'><strong>*solum</strong></span> 
     </span>
     <span class='ocr_line' id='line_1_22' title="bbox 245 2589 1381 2692; baseline -0.004 -26"><span class='ocrx_word' id='word_1_198' title='bbox 245 2619 332 2685; x_wconf 89' lang='lat' dir='ltr'><strong>nos,</strong></span> <span class='ocrx_word' id='word_1_199' title='bbox 370 2591 432 2665; x_wconf 87' lang='lat' dir='ltr'><strong>sed</strong></span> <span class='ocrx_word' id='word_1_200' title='bbox 453 2592 710 2666; x_wconf 81' lang='lat' dir='ltr'><strong>similitudines*</strong></span> <span class='ocrx_word' id='word_1_201' title='bbox 739 2617 880 2692; x_wconf 85' lang='lat' dir='ltr'><strong>quoque</strong></span> <span class='ocrx_word' id='word_1_202' title='bbox 909 2593 1008 2690; x_wconf 88' lang='lat' dir='ltr'><strong>sequi</strong></span> <span class='ocrx_word' id='word_1_203' title='bbox 1042 2615 1168 2691; x_wconf 82' lang='lat' dir='ltr'><strong>saepe:</strong></span> <span class='ocrx_word' id='word_1_204' title='bbox 1207 2589 1314 2690; x_wconf 85' lang='lat' dir='ltr'><strong>idque</strong></span> <span class='ocrx_word' id='word_1_205' title='bbox 1339 2617 1381 2664; x_wconf 83' lang='lat' dir='ltr'><strong>ex</strong></span> 
     </span>
    </p>
   </div>
   <div class='ocr_carea' id='block_1_4' title="bbox 245 2771 1383 3008">
    <p class='ocr_par' dir='ltr' id='par_1_6' title="bbox 245 2771 1383 3008">
     <span class='ocr_line' id='line_1_23' title="bbox 245 2771 1383 2865; baseline 0 -17"><span class='ocrx_word' id='word_1_206' title='bbox 245 2793 336 2848; x_wconf 77' lang='lat' dir='ltr'><strong>Aldus.</strong></span> <span class='ocrx_word' id='word_1_207' title='bbox 374 2771 438 2863; x_wconf 79' lang='lat' dir='ltr'><strong>stix</strong></span> <span class='ocrx_word' id='word_1_208' title='bbox 456 2793 531 2847; x_wconf 88' lang='lat' dir='ltr'><strong>codd.</strong></span> <span class='ocrx_word' id='word_1_209' title='bbox 569 2794 644 2865; x_wconf 82' lang='lat' dir='ltr'><strong>frux</strong></span> <span class='ocrx_word' id='word_1_210' title='bbox 660 2811 704 2862; x_wconf 80' lang='lat' dir='ltr'><strong>vg.</strong></span> <span class='ocrx_word' id='word_1_211' title='bbox 736 2794 807 2863; x_wconf 86' lang='lat' dir='ltr'><strong>quod</strong></span> <span class='ocrx_word' id='word_1_212' title='bbox 830 2795 923 2860; x_wconf 87' lang='lat' dir='ltr'><strong>reieci,</strong></span> <span class='ocrx_word' id='word_1_213' title='bbox 948 2792 1019 2860; x_wconf 87' lang='lat' dir='ltr'><strong>quod</strong></span> <span class='ocrx_word' id='word_1_214' title='bbox 1042 2793 1168 2849; x_wconf 82' lang='lat' dir='ltr'><strong>Varronis</strong></span> <span class='ocrx_word' id='word_1_215' title='bbox 1190 2801 1309 2864; x_wconf 81' lang='lat' dir='ltr'><strong>taurpore</strong></span> <span class='ocrx_word' id='word_1_216' title='bbox 1333 2811 1383 2848; x_wconf 89' lang='lat' dir='ltr'><strong>uon</strong></span> 
     </span>
     <span class='ocr_line' id='line_1_24' title="bbox 245 2864 1383 2937; baseline 0.002 -19"><span class='ocrx_word' id='word_1_217' title='bbox 245 2866 415 2930; x_wconf 77' lang='lat' dir='ltr'><strong>audiebatur,</strong></span> <span class='ocrx_word' id='word_1_218' title='bbox 440 2865 490 2918; x_wconf 83' lang='lat' dir='ltr'><strong>nisi</strong></span> <span class='ocrx_word' id='word_1_219' title='bbox 507 2867 533 2917; x_wconf 88' lang='lat' dir='ltr'><strong>in</strong></span> <span class='ocrx_word' id='word_1_220' title='bbox 553 2867 664 2920; x_wconf 85' lang='lat' dir='ltr'><strong>lectione</strong></span> <span class='ocrx_word' id='word_1_221' title='bbox 682 2867 854 2933; x_wconf 81' lang='lat' dir='ltr'><strong>antiquiorum</strong></span> <span class='ocrx_word' id='word_1_222' title='bbox 874 2867 1017 2935; x_wconf 69' lang='lat' dir='ltr'><strong>poetarum.</strong></span> <span class='ocrx_word' id='word_1_223' title='bbox 1061 2864 1159 2919; x_wconf 80' lang='lat' dir='ltr'><strong>Eadem</strong></span> <span class='ocrx_word' id='word_1_224' title='bbox 1175 2868 1320 2937; x_wconf 86' lang='lat' dir='ltr'><strong>scripturae</strong></span> <span class='ocrx_word' id='word_1_225' title='bbox 1338 2885 1383 2919; x_wconf 80' lang='lat' dir='ltr'><strong>va-</strong></span> 
     </span>
     <span class='ocr_line' id='line_1_25' title="bbox 245 2935 1383 3008; baseline 0 -18"><span class='ocrx_word' id='word_1_226' title='bbox 245 2935 324 2990; x_wconf 74' lang='lat' dir='ltr'><strong>rietes</strong></span> <span class='ocrx_word' id='word_1_227' title='bbox 342 2938 369 2989; x_wconf 89' lang='lat' dir='ltr'><strong>in</strong></span> <span class='ocrx_word' id='word_1_228' title='bbox 386 2937 557 3006; x_wconf 65' lang='lat' dir='ltr'><strong>sequentibus</strong></span> <span class='ocrx_word' id='word_1_229' title='bbox 573 2944 614 2991; x_wconf 82' lang='lat' dir='ltr'><strong>ter</strong></span> <span class='ocrx_word' id='word_1_230' title='bbox 631 2937 705 2997; x_wconf 75' lang='lat' dir='ltr'><strong>redit.</strong></span> <span class='ocrx_word' id='word_1_231' title='bbox 806 2937 1027 3007; x_wconf 59' lang='lat' dir='ltr'><strong>exemptarum.</strong></span> <span class='ocrx_word' id='word_1_232' title='bbox 1044 2951 1079 2991; x_wconf 77' lang='lat' dir='ltr'><strong>ex</strong></span> <span class='ocrx_word' id='word_1_233' title='bbox 1097 2938 1200 2991; x_wconf 77' lang='lat' dir='ltr'><strong>Aldina.</strong></span> <span class='ocrx_word' id='word_1_234' title='bbox 1235 2937 1383 3008; x_wconf 80' lang='lat' dir='ltr'><strong>exemplum</strong></span> 
     </span>
    </p>
   </div>
   <div class='ocr_carea' id='block_1_5' title="bbox 244 3009 1427 3166">
    <p class='ocr_par' dir='ltr' id='par_1_7' title="bbox 244 3009 1427 3166">
     <span class='ocr_line' id='line_1_26' title="bbox 244 3009 1427 3166; baseline 0.004 -21"><span class='ocrx_word' id='word_1_235' title='bbox 244 3009 320 3063; x_wconf 52' lang='grc' dir='ltr'><strong>Μὰ</strong></span> <span class='ocrx_word' id='word_1_236' title='bbox 359 3080 412 3146; x_wconf 74' lang='grc'><strong>45.</strong></span> <span class='ocrx_word' id='word_1_237' title='bbox 437 3095 688 3163; x_wconf 72' lang='lat' dir='ltr'><strong>aiunt1vlll‚at.</strong></span> <span class='ocrx_word' id='word_1_238' title='bbox 802 3105 831 3148; x_wconf 84' lang='lat' dir='ltr'><strong>et</strong></span> <span class='ocrx_word' id='word_1_239' title='bbox 847 3095 876 3148; x_wconf 86' lang='lat' dir='ltr'><strong>in</strong></span> <span class='ocrx_word' id='word_1_240' title='bbox 894 3095 993 3158; x_wconf 74' lang='lat' dir='ltr'><strong>maiore</strong></span> <span class='ocrx_word' id='word_1_241' title='bbox 1007 3103 1089 3166; x_wconf 76' lang='lat' dir='ltr'><strong>parta</strong></span> <span class='ocrx_word' id='word_1_242' title='bbox 1106 3096 1160 3162; x_wconf 84' lang='lat' dir='ltr'><strong>est]</strong></span> <span class='ocrx_word' id='word_1_243' title='bbox 1177 3097 1243 3152; x_wconf 78' lang='lat' dir='ltr'><strong>Post</strong></span> <span class='ocrx_word' id='word_1_244' title='bbox 1260 3095 1326 3150; x_wconf 81' lang='lat' dir='ltr'><strong>baec</strong></span> <span class='ocrx_word' id='word_1_245' title='bbox 1343 3114 1382 3150; x_wconf 81' lang='lat' dir='ltr'><strong>vr.</strong></span> <span class='ocrx_word' id='word_1_246' title='bbox 1426 3083 1427 3120; x_wconf 59' lang='lat' dir='ltr'><strong>l</strong></span> 
     </span>
    </p>
   </div>
   <div class='ocr_carea' id='block_1_6' title="bbox 245 3135 1427 3237">
    <p class='ocr_par' dir='ltr' id='par_1_8' title="bbox 245 3135 1427 3237">
     <span class='ocr_line' id='line_1_27' title="bbox 245 3135 1427 3237; baseline 0.004 -19"><span class='ocrx_word' id='word_1_247' title='bbox 245 3164 346 3219; x_wconf 65' lang='lat' dir='ltr'><strong>addunt</strong></span> <span class='ocrx_word' id='word_1_248' title='bbox 364 3167 395 3219; x_wconf 76' lang='lat' dir='ltr'><strong>F.</strong></span> <span class='ocrx_word' id='word_1_249' title='bbox 415 3173 442 3219; x_wconf 82' lang='lat' dir='ltr'><strong>et</strong></span> <span class='ocrx_word' id='word_1_250' title='bbox 459 3183 483 3220; x_wconf 77' lang='lat' dir='ltr'><strong>a.</strong></span> <span class='ocrx_word' id='word_1_251' title='bbox 503 3167 564 3233; x_wconf 85' lang='lat' dir='ltr'><strong>(sed</strong></span> <span class='ocrx_word' id='word_1_252' title='bbox 582 3168 615 3219; x_wconf 89' lang='lat' dir='ltr'><strong>de</strong></span> <span class='ocrx_word' id='word_1_253' title='bbox 633 3166 682 3220; x_wconf 87' lang='lat' dir='ltr'><strong>boc</strong></span> <span class='ocrx_word' id='word_1_254' title='bbox 701 3166 806 3236; x_wconf 87' lang='lat' dir='ltr'><strong>dubito)</strong></span> <span class='ocrx_word' id='word_1_255' title='bbox 822 3177 850 3218; x_wconf 81' lang='lat' dir='ltr'><strong>et</strong></span> <span class='ocrx_word' id='word_1_256' title='bbox 868 3168 897 3218; x_wconf 87' lang='lat' dir='ltr'><strong>in</strong></span> <span class='ocrx_word' id='word_1_257' title='bbox 915 3167 1013 3219; x_wconf 86' lang='lat' dir='ltr'><strong>minore</strong></span> <span class='ocrx_word' id='word_1_258' title='bbox 1027 3176 1109 3236; x_wconf 82' lang='lat' dir='ltr'><strong>parte</strong></span> <span class='ocrx_word' id='word_1_259' title='bbox 1127 3177 1182 3234; x_wconf 81' lang='lat' dir='ltr'><strong>est,</strong></span> <span class='ocrx_word' id='word_1_260' title='bbox 1211 3169 1304 3237; x_wconf 84' lang='lat' dir='ltr'><strong>quibus</strong></span> <span class='ocrx_word' id='word_1_261' title='bbox 1322 3185 1382 3222; x_wconf 79' lang='lat' dir='ltr'><strong>sell-</strong></span> <span class='ocrx_word' id='word_1_262' title='bbox 1426 3135 1427 3192; x_wconf 64' lang='lat' dir='ltr'><strong>l</strong></span> 
     </span>
    </p>
   </div>
   <div class='ocr_carea' id='block_1_7' title="bbox 132 3239 1382 3880">
    <p class='ocr_par' dir='ltr' id='par_1_9' title="bbox 245 3239 1382 3736">
     <span class='ocr_line' id='line_1_28' title="bbox 245 3239 1382 3308; baseline 0.002 -18"><span class='ocrx_word' id='word_1_263' title='bbox 245 3239 326 3290; x_wconf 85' lang='lat' dir='ltr'><strong>tentia</strong></span> <span class='ocrx_word' id='word_1_264' title='bbox 340 3239 391 3290; x_wconf 89' lang='lat' dir='ltr'><strong>loci</strong></span> <span class='ocrx_word' id='word_1_265' title='bbox 403 3240 565 3305; x_wconf 85' lang='lat' dir='ltr'><strong>pervertitur.</strong></span> <span class='ocrx_word' id='word_1_266' title='bbox 595 3239 655 3292; x_wconf 89' lang='lat' dir='ltr'><strong>Hoc</strong></span> <span class='ocrx_word' id='word_1_267' title='bbox 670 3239 733 3290; x_wconf 87' lang='lat' dir='ltr'><strong>dicit</strong></span> <span class='ocrx_word' id='word_1_268' title='bbox 744 3239 865 3308; x_wconf 79' lang='lat' dir='ltr'><strong>scriptor,</strong></span> <span class='ocrx_word' id='word_1_269' title='bbox 884 3255 988 3304; x_wconf 89' lang='lat' dir='ltr'><strong>eorum,</strong></span> <span class='ocrx_word' id='word_1_270' title='bbox 1005 3239 1051 3307; x_wconf 88' lang='lat' dir='ltr'><strong>qui</strong></span> <span class='ocrx_word' id='word_1_271' title='bbox 1068 3239 1261 3295; x_wconf 82' lang='lat' dir='ltr'><strong>similitudinem</strong></span> <span class='ocrx_word' id='word_1_272' title='bbox 1279 3242 1382 3305; x_wconf 87' lang='lat' dir='ltr'><strong>tollunt,</strong></span> 
     </span>
     <span class='ocr_line' id='line_1_29' title="bbox 246 3308 1382 3380; baseline 0.001 -18"><span class='ocrx_word' id='word_1_273' title='bbox 246 3308 317 3376; x_wconf 83' lang='lat' dir='ltr'><strong>quod</strong></span> <span class='ocrx_word' id='word_1_274' title='bbox 339 3310 366 3361; x_wconf 89' lang='lat' dir='ltr'><strong>in</strong></span> <span class='ocrx_word' id='word_1_275' title='bbox 389 3311 486 3361; x_wconf 83' lang='lat' dir='ltr'><strong>maiore</strong></span> <span class='ocrx_word' id='word_1_276' title='bbox 504 3316 578 3377; x_wconf 80' lang='lat' dir='ltr'><strong>parte</strong></span> <span class='ocrx_word' id='word_1_277' title='bbox 601 3311 725 3362; x_wconf 81' lang='lat' dir='ltr'><strong>orationis</strong></span> <span class='ocrx_word' id='word_1_278' title='bbox 743 3324 794 3364; x_wconf 89' lang='lat' dir='ltr'><strong>non</strong></span> <span class='ocrx_word' id='word_1_279' title='bbox 812 3312 861 3376; x_wconf 88' lang='lat' dir='ltr'><strong>sit,</strong></span> <span class='ocrx_word' id='word_1_280' title='bbox 889 3311 1018 3380; x_wconf 81' lang='lat' dir='ltr'><strong>duplicem</strong></span> <span class='ocrx_word' id='word_1_281' title='bbox 1039 3325 1097 3364; x_wconf 81' lang='lat' dir='ltr'><strong>esse</strong></span> <span class='ocrx_word' id='word_1_282' title='bbox 1116 3325 1243 3366; x_wconf 74' lang='lat' dir='ltr'><strong>errorem:</strong></span> <span class='ocrx_word' id='word_1_283' title='bbox 1271 3314 1382 3380; x_wconf 85' lang='lat' dir='ltr'><strong>primum</strong></span> 
     </span>
     <span class='ocr_line' id='line_1_30' title="bbox 246 3380 1381 3451; baseline 0.002 -19"><span class='ocrx_word' id='word_1_284' title='bbox 246 3380 317 3448; x_wconf 83' lang='lat' dir='ltr'><strong>quod</strong></span> <span class='ocrx_word' id='word_1_285' title='bbox 335 3387 432 3446; x_wconf 74' lang='lat' dir='ltr'><strong>negent</strong></span> <span class='ocrx_word' id='word_1_286' title='bbox 450 3381 476 3433; x_wconf 88' lang='lat' dir='ltr'><strong>in</strong></span> <span class='ocrx_word' id='word_1_287' title='bbox 495 3383 592 3433; x_wconf 85' lang='lat' dir='ltr'><strong>maiore</strong></span> <span class='ocrx_word' id='word_1_288' title='bbox 610 3388 683 3449; x_wconf 83' lang='lat' dir='ltr'><strong>parte</strong></span> <span class='ocrx_word' id='word_1_289' title='bbox 702 3397 760 3433; x_wconf 79' lang='lat' dir='ltr'><strong>eam</strong></span> <span class='ocrx_word' id='word_1_290' title='bbox 779 3396 852 3447; x_wconf 82' lang='lat' dir='ltr'><strong>esse,</strong></span> <span class='ocrx_word' id='word_1_291' title='bbox 870 3397 929 3436; x_wconf 84' lang='lat' dir='ltr'><strong>cum</strong></span> <span class='ocrx_word' id='word_1_292' title='bbox 947 3383 981 3435; x_wconf 79' lang='lat' dir='ltr'><strong>sit</strong></span> <span class='ocrx_word' id='word_1_293' title='bbox 999 3383 1025 3434; x_wconf 89' lang='lat' dir='ltr'><strong>iu</strong></span> <span class='ocrx_word' id='word_1_294' title='bbox 1042 3383 1140 3435; x_wconf 81' lang='lat' dir='ltr'><strong>maiora</strong></span> <span class='ocrx_word' id='word_1_295' title='bbox 1158 3391 1248 3451; x_wconf 64' lang='lat' dir='ltr'><strong>parm</strong></span> <span class='ocrx_word' id='word_1_296' title='bbox 1265 3386 1381 3450; x_wconf 63' lang='lat' dir='ltr'><strong>,altcmm</strong></span> 
     </span>
     <span class='ocr_line' id='line_1_31' title="bbox 246 3452 1382 3522; baseline 0.002 -18"><span class='ocrx_word' id='word_1_297' title='bbox 246 3452 316 3520; x_wconf 86' lang='lat' dir='ltr'><strong>quod</strong></span> <span class='ocrx_word' id='word_1_298' title='bbox 333 3457 430 3518; x_wconf 82' lang='lat' dir='ltr'><strong>negent</strong></span> <span class='ocrx_word' id='word_1_299' title='bbox 447 3452 550 3506; x_wconf 88' lang='lat' dir='ltr'><strong>omniuo</strong></span> <span class='ocrx_word' id='word_1_300' title='bbox 569 3467 626 3504; x_wconf 84' lang='lat' dir='ltr'><strong>esse</strong></span> <span class='ocrx_word' id='word_1_301' title='bbox 644 3452 851 3518; x_wconf 84' lang='lat' dir='ltr'><strong>similitudinem,</strong></span> <span class='ocrx_word' id='word_1_302' title='bbox 877 3455 899 3507; x_wconf 82' lang='lat' dir='ltr'><strong>sl</strong></span> <span class='ocrx_word' id='word_1_303' title='bbox 916 3455 942 3506; x_wconf 89' lang='lat' dir='ltr'><strong>in</strong></span> <span class='ocrx_word' id='word_1_304' title='bbox 960 3455 1059 3508; x_wconf 82' lang='lat' dir='ltr'><strong>maiore</strong></span> <span class='ocrx_word' id='word_1_305' title='bbox 1076 3458 1150 3522; x_wconf 84' lang='lat' dir='ltr'><strong>porte</strong></span> <span class='ocrx_word' id='word_1_306' title='bbox 1167 3470 1219 3508; x_wconf 88' lang='lat' dir='ltr'><strong>nou</strong></span> <span class='ocrx_word' id='word_1_307' title='bbox 1237 3456 1286 3519; x_wconf 85' lang='lat' dir='ltr'><strong>sit,</strong></span> <span class='ocrx_word' id='word_1_308' title='bbox 1312 3455 1382 3522; x_wconf 89' lang='lat' dir='ltr'><strong>quod</strong></span> 
     </span>
     <span class='ocr_line' id='line_1_32' title="bbox 246 3523 1382 3596; baseline 0 -20"><span class='ocrx_word' id='word_1_309' title='bbox 246 3539 278 3576; x_wconf 84' lang='lat' dir='ltr'><strong>ea</strong></span> <span class='ocrx_word' id='word_1_310' title='bbox 297 3523 346 3590; x_wconf 87' lang='lat' dir='ltr'><strong>sit,</strong></span> <span class='ocrx_word' id='word_1_311' title='bbox 371 3525 472 3576; x_wconf 84' lang='lat' dir='ltr'><strong>etiamsi</strong></span> <span class='ocrx_word' id='word_1_312' title='bbox 490 3524 523 3577; x_wconf 82' lang='lat' dir='ltr'><strong>sit</strong></span> <span class='ocrx_word' id='word_1_313' title='bbox 540 3525 567 3578; x_wconf 88' lang='lat' dir='ltr'><strong>in</strong></span> <span class='ocrx_word' id='word_1_314' title='bbox 585 3523 683 3576; x_wconf 86' lang='lat' dir='ltr'><strong>minore</strong></span> <span class='ocrx_word' id='word_1_315' title='bbox 700 3529 781 3592; x_wconf 84' lang='lat' dir='ltr'><strong>parte.</strong></span> <span class='ocrx_word' id='word_1_316' title='bbox 949 3533 976 3575; x_wconf 84' lang='lat' dir='ltr'><strong>et</strong></span> <span class='ocrx_word' id='word_1_317' title='bbox 994 3524 1065 3576; x_wconf 78' lang='lat' dir='ltr'><strong>siin</strong></span> <span class='ocrx_word' id='word_1_318' title='bbox 1083 3524 1182 3576; x_wconf 80' lang='lat' dir='ltr'><strong>minore</strong></span> <span class='ocrx_word' id='word_1_319' title='bbox 1199 3525 1247 3596; x_wconf 81' lang='lat' dir='ltr'><strong>sit]</strong></span> <span class='ocrx_word' id='word_1_320' title='bbox 1267 3535 1294 3576; x_wconf 81' lang='lat' dir='ltr'><strong>et</strong></span> <span class='ocrx_word' id='word_1_321' title='bbox 1313 3527 1341 3577; x_wconf 78' lang='lat' dir='ltr'><strong>si</strong></span> <span class='ocrx_word' id='word_1_322' title='bbox 1355 3527 1382 3576; x_wconf 82' lang='lat' dir='ltr'><strong>in</strong></span> 
     </span>
     <span class='ocr_line' id='line_1_33' title="bbox 245 3593 1380 3667; baseline 0.003 -21"><span class='ocrx_word' id='word_1_323' title='bbox 245 3593 343 3646; x_wconf 84' lang='lat' dir='ltr'><strong>minore</strong></span> <span class='ocrx_word' id='word_1_324' title='bbox 357 3603 438 3662; x_wconf 84' lang='lat' dir='ltr'><strong>parte</strong></span> <span class='ocrx_word' id='word_1_325' title='bbox 452 3603 493 3645; x_wconf 79' lang='lat' dir='ltr'><strong>est</strong></span> <span class='ocrx_word' id='word_1_326' title='bbox 510 3604 538 3646; x_wconf 83' lang='lat' dir='ltr'><strong>et</strong></span> <span class='ocrx_word' id='word_1_327' title='bbox 549 3593 575 3646; x_wconf 85' lang='lat' dir='ltr'><strong>si</strong></span> <span class='ocrx_word' id='word_1_328' title='bbox 591 3593 621 3644; x_wconf 84' lang='lat' dir='ltr'><strong>in</strong></span> <span class='ocrx_word' id='word_1_329' title='bbox 638 3594 736 3645; x_wconf 83' lang='lat' dir='ltr'><strong>minore</strong></span> <span class='ocrx_word' id='word_1_330' title='bbox 750 3603 832 3662; x_wconf 82' lang='lat' dir='ltr'><strong>parte</strong></span> <span class='ocrx_word' id='word_1_331' title='bbox 851 3593 889 3646; x_wconf 84' lang='lat' dir='ltr'><strong>sit</strong></span> <span class='ocrx_word' id='word_1_332' title='bbox 907 3595 951 3662; x_wconf 77' lang='lat' dir='ltr'><strong>G,</strong></span> <span class='ocrx_word' id='word_1_333' title='bbox 976 3594 1047 3662; x_wconf 84' lang='lat' dir='ltr'><strong>quod</strong></span> <span class='ocrx_word' id='word_1_334' title='bbox 1064 3595 1089 3649; x_wconf 88' lang='lat' dir='ltr'><strong>b.</strong></span> <span class='ocrx_word' id='word_1_335' title='bbox 1102 3598 1119 3649; x_wconf 91' lang='lat' dir='ltr'><strong>l.</strong></span> <span class='ocrx_word' id='word_1_336' title='bbox 1138 3598 1235 3666; x_wconf 82' lang='lat' dir='ltr'><strong>notavi,</strong></span> <span class='ocrx_word' id='word_1_337' title='bbox 1252 3604 1283 3651; x_wconf 84' lang='lat' dir='ltr'><strong>ut</strong></span> <span class='ocrx_word' id='word_1_338' title='bbox 1299 3614 1380 3667; x_wconf 80' lang='lat' dir='ltr'><strong>appa-</strong></span> 
     </span>
     <span class='ocr_line' id='line_1_34' title="bbox 245 3663 1382 3736; baseline 0.002 -18"><span class='ocrx_word' id='word_1_339' title='bbox 245 3670 330 3732; x_wconf 87' lang='lat' dir='ltr'><strong>reret,</strong></span> <span class='ocrx_word' id='word_1_340' title='bbox 353 3681 430 3732; x_wconf 86' lang='lat' dir='ltr'><strong>quam</strong></span> <span class='ocrx_word' id='word_1_341' title='bbox 448 3665 518 3719; x_wconf 83' lang='lat' dir='ltr'><strong>facili</strong></span> <span class='ocrx_word' id='word_1_342' title='bbox 538 3679 626 3718; x_wconf 86' lang='lat' dir='ltr'><strong>errore</strong></span> <span class='ocrx_word' id='word_1_343' title='bbox 649 3666 723 3734; x_wconf 87' lang='lat' dir='ltr'><strong>plura</strong></span> <span class='ocrx_word' id='word_1_344' title='bbox 740 3663 782 3720; x_wconf 88' lang='lat' dir='ltr'><strong>bic</strong></span> <span class='ocrx_word' id='word_1_345' title='bbox 799 3665 924 3719; x_wconf 84' lang='lat' dir='ltr'><strong>vocabula</strong></span> <span class='ocrx_word' id='word_1_346' title='bbox 942 3666 1002 3720; x_wconf 81' lang='lat' dir='ltr'><strong>addi</strong></span> <span class='ocrx_word' id='word_1_347' title='bbox 1020 3667 1159 3736; x_wconf 81' lang='lat' dir='ltr'><strong>potuerint.</strong></span> <span class='ocrx_word' id='word_1_348' title='bbox 1290 3678 1382 3720; x_wconf 74' lang='lat' dir='ltr'><strong>tanen</strong></span> 
     </span>
    </p>

    <p class='ocr_par' dir='ltr' id='par_1_10' title="bbox 132 3733 1382 3880">
     <span class='ocr_line' id='line_1_35' title="bbox 132 3733 1382 3808; baseline 0.006 -23"><span class='ocrx_word' id='word_1_349' title='bbox 132 3758 138 3772; x_wconf 81' lang='lat'>=</span> <span class='ocrx_word' id='word_1_350' title='bbox 248 3733 311 3803; x_wconf 69' lang='grc' dir='ltr'><strong><em>εἰτ’]</em></strong></span> <span class='ocrx_word' id='word_1_351' title='bbox 330 3735 462 3789; x_wconf 79' lang='lat' dir='ltr'><strong>Asterisco</strong></span> <span class='ocrx_word' id='word_1_352' title='bbox 486 3737 628 3803; x_wconf 76' lang='lat' dir='ltr'><strong>significavi</strong></span> <span class='ocrx_word' id='word_1_353' title='bbox 652 3737 754 3802; x_wconf 88' lang='lat' dir='ltr'><strong>locum,</strong></span> <span class='ocrx_word' id='word_1_354' title='bbox 780 3736 955 3792; x_wconf 73' lang='lat' dir='ltr'><strong>audancia</strong></span> <span class='ocrx_word' id='word_1_355' title='bbox 972 3739 1071 3790; x_wconf 82' lang='lat' dir='ltr'><strong>maiore</strong></span> <span class='ocrx_word' id='word_1_356' title='bbox 1089 3740 1198 3807; x_wconf 82' lang='lat' dir='ltr'><strong>expulsa</strong></span> <span class='ocrx_word' id='word_1_357' title='bbox 1215 3741 1290 3807; x_wconf 80' lang='lat' dir='ltr'><strong>sunt,</strong></span> <span class='ocrx_word' id='word_1_358' title='bbox 1316 3755 1382 3808; x_wconf 85' lang='lat' dir='ltr'><strong>quac</strong></span> 
     </span>
     <span class='ocr_line' id='line_1_36' title="bbox 245 3805 1192 3880; baseline 0.005 -21"><span class='ocrx_word' id='word_1_359' title='bbox 245 3805 340 3860; x_wconf 86' lang='lat' dir='ltr'><strong>babent</strong></span> <span class='ocrx_word' id='word_1_360' title='bbox 358 3807 433 3861; x_wconf 86' lang='lat' dir='ltr'><strong>codd</strong></span> <span class='ocrx_word' id='word_1_361' title='bbox 470 3807 512 3860; x_wconf 79' lang='lat' dir='ltr'><strong>Ee</strong></span> <span class='ocrx_word' id='word_1_362' title='bbox 530 3807 684 3878; x_wconf 78' lang='lat' dir='ltr'><strong>expellenda</strong></span> <span class='ocrx_word' id='word_1_363' title='bbox 702 3824 760 3861; x_wconf 78' lang='lat' dir='ltr'><strong>esse</strong></span> <span class='ocrx_word' id='word_1_364' title='bbox 776 3807 828 3862; x_wconf 86' lang='lat' dir='ltr'><strong>iam</strong></span> <span class='ocrx_word' id='word_1_365' title='bbox 846 3809 1011 3863; x_wconf 79' lang='lat' dir='ltr'><strong>intellexerat</strong></span> <span class='ocrx_word' id='word_1_366' title='bbox 1028 3811 1192 3880; x_wconf 77' lang='lat' dir='ltr'><strong>Spengelius.</strong></span> 
     </span>
    </p>
   </div>
   <div class='ocr_carea' id='block_1_8' title="bbox 246 3903 1426 4212">
    <p class='ocr_par' dir='ltr' id='par_1_11' title="bbox 246 3903 1426 4212">
     <span class='ocr_line' id='line_1_37' title="bbox 359 3903 1380 3997; baseline 0.008 -28"><span class='ocrx_word' id='word_1_367' title='bbox 359 3903 412 3970; x_wconf 82' lang='lat'><strong>46.</strong></span> <span class='ocrx_word' id='word_1_368' title='bbox 437 3919 543 3989; x_wconf 69' lang='lat' dir='ltr'><strong>acuat]</strong></span> <span class='ocrx_word' id='word_1_369' title='bbox 561 3923 642 3989; x_wconf 80' lang='lat' dir='ltr'><strong>vni,</strong></span> <span class='ocrx_word' id='word_1_370' title='bbox 659 3925 703 3976; x_wconf 79' lang='lat' dir='ltr'><strong>aa.</strong></span> <span class='ocrx_word' id='word_1_371' title='bbox 810 3923 897 3997; x_wconf 67' lang='lat' dir='ltr'><strong>sequ]</strong></span> <span class='ocrx_word' id='word_1_372' title='bbox 916 3941 968 3980; x_wconf 79' lang='lat' dir='ltr'><strong>om.</strong></span> <span class='ocrx_word' id='word_1_373' title='bbox 987 3925 1071 3990; x_wconf 76' lang='lat' dir='ltr'><strong>cous,</strong></span> <span class='ocrx_word' id='word_1_374' title='bbox 1087 3925 1203 3980; x_wconf 73' lang='lat' dir='ltr'><strong>aarum</strong></span> <span class='ocrx_word' id='word_1_375' title='bbox 1221 3930 1262 3980; x_wconf 73' lang='lat' dir='ltr'><strong>ut</strong></span> <span class='ocrx_word' id='word_1_376' title='bbox 1278 3927 1306 3978; x_wconf 82' lang='lat' dir='ltr'><strong>a</strong></span> <span class='ocrx_word' id='word_1_377' title='bbox 1325 3925 1380 3979; x_wconf 73' lang='lat' dir='ltr'><strong>aa.</strong></span> 
     </span>
     <span class='ocr_line' id='line_1_38' title="bbox 246 3989 1426 4066; baseline 0.008 -25"><span class='ocrx_word' id='word_1_378' title='bbox 246 3989 278 4042; x_wconf 89' lang='lat' dir='ltr'><strong>B.</strong></span> <span class='ocrx_word' id='word_1_379' title='bbox 298 3995 325 4042; x_wconf 87' lang='lat' dir='ltr'><strong>et</strong></span> <span class='ocrx_word' id='word_1_380' title='bbox 342 4007 385 4058; x_wconf 86' lang='lat' dir='ltr'><strong>vg.</strong></span> <span class='ocrx_word' id='word_1_381' title='bbox 527 3993 696 4060; x_wconf 83' lang='lat' dir='ltr'><strong>iucunditas]</strong></span> <span class='ocrx_word' id='word_1_382' title='bbox 716 3994 791 4049; x_wconf 85' lang='lat' dir='ltr'><strong>codd.</strong></span> <span class='ocrx_word' id='word_1_383' title='bbox 827 3995 875 4048; x_wconf 86' lang='lat' dir='ltr'><strong>sed</strong></span> <span class='ocrx_word' id='word_1_384' title='bbox 892 3995 1045 4050; x_wconf 77' lang='lat' dir='ltr'><strong>iocunditas</strong></span> <span class='ocrx_word' id='word_1_385' title='bbox 1062 3998 1097 4050; x_wconf 83' lang='lat' dir='ltr'><strong>G.</strong></span> <span class='ocrx_word' id='word_1_386' title='bbox 1138 4006 1181 4049; x_wconf 86' lang='lat' dir='ltr'><strong>est</strong></span> <span class='ocrx_word' id='word_1_387' title='bbox 1200 3996 1321 4050; x_wconf 82' lang='lat' dir='ltr'><strong>iucunda</strong></span> <span class='ocrx_word' id='word_1_388' title='bbox 1338 4013 1379 4063; x_wconf 79' lang='lat' dir='ltr'><strong>vg·</strong></span> <span class='ocrx_word' id='word_1_389' title='bbox 1425 4055 1426 4066; x_wconf 13' lang='grc' dir='ltr'>γ</span> 
     </span>
     <span class='ocr_line' id='line_1_39' title="bbox 246 4059 1426 4139; baseline 0.008 -28"><span class='ocrx_word' id='word_1_390' title='bbox 246 4059 357 4114; x_wconf 78' lang='lat' dir='ltr'><strong>fortasse</strong></span> <span class='ocrx_word' id='word_1_391' title='bbox 373 4068 455 4117; x_wconf 87' lang='lat' dir='ltr'><strong>recte.</strong></span> <span class='ocrx_word' id='word_1_392' title='bbox 569 4065 628 4118; x_wconf 79' lang='lat' dir='ltr'><strong>clia</strong></span> <span class='ocrx_word' id='word_1_393' title='bbox 641 4065 725 4136; x_wconf 81' lang='lat' dir='ltr'><strong>paria</strong></span> <span class='ocrx_word' id='word_1_394' title='bbox 741 4067 798 4120; x_wconf 80' lang='lat' dir='ltr'><strong>sint</strong></span> <span class='ocrx_word' id='word_1_395' title='bbox 815 4065 873 4119; x_wconf 82' lang='lat' dir='ltr'><strong>olla</strong></span> <span class='ocrx_word' id='word_1_396' title='bbox 891 4067 1023 4137; x_wconf 63' lang='lat' dir='ltr'><strong>disparia]</strong></span> <span class='ocrx_word' id='word_1_397' title='bbox 1040 4069 1078 4122; x_wconf 85' lang='lat' dir='ltr'><strong>sic</strong></span> <span class='ocrx_word' id='word_1_398' title='bbox 1092 4069 1177 4123; x_wconf 88' lang='lat' dir='ltr'><strong>locum</strong></span> <span class='ocrx_word' id='word_1_399' title='bbox 1192 4068 1307 4139; x_wconf 81' lang='lat' dir='ltr'><strong>explevit</strong></span> <span class='ocrx_word' id='word_1_400' title='bbox 1324 4067 1380 4122; x_wconf 85' lang='lat' dir='ltr'><strong>cod.</strong></span> <span class='ocrx_word' id='word_1_401' title='bbox 1425 4087 1426 4104; x_wconf 74' lang='lat'>³</span> 
     </span>
     <span class='ocr_line' id='line_1_40' title="bbox 248 4129 1426 4212; baseline 0.014 -30"><span class='ocrx_word' id='word_1_402' title='bbox 248 4129 280 4187; x_wconf 83' lang='grc' dir='ltr'><strong>Β.</strong></span> <span class='ocrx_word' id='word_1_403' title='bbox 300 4137 327 4183; x_wconf 84' lang='lat' dir='ltr'><strong>et</strong></span> <span class='ocrx_word' id='word_1_404' title='bbox 343 4135 462 4202; x_wconf 82' lang='lat' dir='ltr'><strong>volgatae</strong></span> <span class='ocrx_word' id='word_1_405' title='bbox 480 4136 624 4207; x_wconf 79' lang='lat' dir='ltr'><strong>scripturas</strong></span> <span class='ocrx_word' id='word_1_406' title='bbox 641 4143 740 4193; x_wconf 82' lang='lat' dir='ltr'><strong>auctor.</strong></span> <span class='ocrx_word' id='word_1_407' title='bbox 775 4136 834 4191; x_wconf 83' lang='lat' dir='ltr'><strong>clio</strong></span> <span class='ocrx_word' id='word_1_408' title='bbox 852 4137 973 4208; x_wconf 81' lang='lat' dir='ltr'><strong>disparia</strong></span> <span class='ocrx_word' id='word_1_409' title='bbox 991 4139 1068 4196; x_wconf 74' lang='lat' dir='ltr'><strong>alls.</strong></span> <span class='ocrx_word' id='word_1_410' title='bbox 1105 4140 1163 4192; x_wconf 84' lang='lat' dir='ltr'><strong>alic</strong></span> <span class='ocrx_word' id='word_1_411' title='bbox 1176 4140 1259 4212; x_wconf 86' lang='lat' dir='ltr'><strong>paria</strong></span> <span class='ocrx_word' id='word_1_412' title='bbox 1277 4139 1309 4194; x_wconf 81' lang='lat' dir='ltr'><strong>F.</strong></span> <span class='ocrx_word' id='word_1_413' title='bbox 1425 4141 1426 4198; x_wconf 72' lang='lat' dir='ltr'><strong>l</strong></span> 
     </span>
    </p>
   </div>
   <div class='ocr_carea' id='block_1_9' title="bbox 245 4229 1380 4397">
    <p class='ocr_par' dir='ltr' id='par_1_12' title="bbox 245 4229 1380 4397">
     <span class='ocr_line' id='line_1_41' title="bbox 357 4229 1380 4320; baseline 0.009 -24"><span class='ocrx_word' id='word_1_414' title='bbox 357 4229 410 4299; x_wconf 79' lang='grc'><strong>47.</strong></span> <span class='ocrx_word' id='word_1_415' title='bbox 430 4249 528 4302; x_wconf 79' lang='lat' dir='ltr'><strong>&#39;solum</strong></span> <span class='ocrx_word' id='word_1_416' title='bbox 545 4270 608 4318; x_wconf 79' lang='lat' dir='ltr'><strong>noa,</strong></span> <span class='ocrx_word' id='word_1_417' title='bbox 624 4252 673 4304; x_wconf 80' lang='lat' dir='ltr'><strong>sed</strong></span> <span class='ocrx_word' id='word_1_418' title='bbox 686 4251 899 4320; x_wconf 63' lang='lat' dir='ltr'><strong>similitudines]</strong></span> <span class='ocrx_word' id='word_1_419' title='bbox 917 4255 984 4309; x_wconf 86' lang='lat' dir='ltr'><strong>conl.</strong></span> <span class='ocrx_word' id='word_1_420' title='bbox 1000 4255 1095 4310; x_wconf 82' lang='lat' dir='ltr'><strong>addidi.</strong></span> <span class='ocrx_word' id='word_1_421' title='bbox 1130 4255 1234 4310; x_wconf 77' lang='lat' dir='ltr'><strong>Minore</strong></span> <span class='ocrx_word' id='word_1_422' title='bbox 1250 4256 1380 4309; x_wconf 86' lang='lat' dir='ltr'><strong>molimine</strong></span> 
     </span>
     <span class='ocr_line' id='line_1_42' title="bbox 245 4320 1379 4397; baseline 0.009 -25"><span class='ocrx_word' id='word_1_423' title='bbox 245 4320 331 4372; x_wconf 83' lang='lat' dir='ltr'><strong>locum</strong></span> <span class='ocrx_word' id='word_1_424' title='bbox 354 4321 499 4374; x_wconf 75' lang='lat' dir='ltr'><strong>correxisse</strong></span> <span class='ocrx_word' id='word_1_425' title='bbox 523 4322 604 4376; x_wconf 82' lang='lat' dir='ltr'><strong>videri</strong></span> <span class='ocrx_word' id='word_1_426' title='bbox 629 4329 717 4392; x_wconf 80' lang='lat' dir='ltr'><strong>potest</strong></span> <span class='ocrx_word' id='word_1_427' title='bbox 741 4324 822 4380; x_wconf 78' lang='lat' dir='ltr'><strong>lleur.</strong></span> <span class='ocrx_word' id='word_1_428' title='bbox 848 4325 1010 4395; x_wconf 77' lang='lat' dir='ltr'><strong>Steplunur,</strong></span> <span class='ocrx_word' id='word_1_429' title='bbox 1038 4330 1083 4396; x_wconf 85' lang='lat' dir='ltr'><strong>qui</strong></span> <span class='ocrx_word' id='word_1_430' title='bbox 1106 4327 1224 4397; x_wconf 79' lang='lat' dir='ltr'><strong>scripsit:</strong></span> <span class='ocrx_word' id='word_1_431' title='bbox 1250 4327 1310 4379; x_wconf 76' lang='lat' dir='ltr'><strong>dics</strong></span> <span class='ocrx_word' id='word_1_432' title='bbox 1334 4343 1379 4382; x_wconf 76' lang='lat' dir='ltr'><strong>ove</strong></span> 
     </span>
    </p>
   </div>
   <div class='ocr_carea' id='block_1_10' title="bbox 0 0 1442 4812">
    <p class='ocr_par' dir='ltr' id='par_1_13' title="bbox 0 0 1442 4812">
     <span class='ocr_line' id='line_1_43' title="bbox 0 0 1442 4812; baseline 0 0"><span class='ocrx_word' id='word_1_433' title='bbox 0 0 1442 4812; x_wconf 95' lang='lat' dir='ltr'><strong> </strong></span> 
     </span>
    </p>
   </div>
  </div>
 </body>
</html>
