2890 4820
498 261 760 340 surronrs.
1063 287 1189 342 xxxvii

67 437 164 520 autern
185 452 217 519 iu
238 473 275 519 re
295 469 370 518 uum
390 450 561 540 quidquam
592 463 700 518 nostru
726 451 858 520 arbitrio
879 452 1072 521 constituere
1089 455 1189 522 aude·

67 539 180 618 bimus,
209 538 263 626 qui
284 561 322 606 ex
346 538 489 604 Varrone
514 537 733 620 didicerimus,
760 537 927 606 Romanos
947 549 1015 605 tum
1037 549 1101 606 tem
1125 541 1188 608 oris

85 623 286 690 rouunciasse
318 623 442 710 gentis,
489 622 547 690 sed
581 635 702 692 mentes
735 635 767 691 et
799 623 910 692 dentes
946 625 1062 727 (Vm,
1111 625 1189 776 tp?

66 645 188 795 Itaque,
219 710 276 775 nisi
301 708 506 776 accuratioris
530 710 681 777 scientiae
706 707 825 775 aditum
848 710 939 776 nobis
960 711 1019 798 rpsi
1044 731 1141 797 praec
1175 753 1188 764 -

66 791 138 858 dere
158 794 305 876 velimus,
329 793 451 860 abolitis
472 795 509 860 iis
529 818 613 883 quae
634 815 835 882 nonmagna
855 796 983 885 quidem
1003 795 1063 862 sed
1085 795 1189 884 aliqua

66 890 163 944 tamen
196 901 269 947 cum
298 878 363 945 fide
393 881 484 946 nobis
511 881 699 960 traduntur,
737 879 900 963 codicum,
938 904 1020 970 quos
1050 882 1188 970 optimos

65 963 228 1046 habemus,
249 966 324 1055 quia
344 965 425 1030 unici
447 979 536 1044 sunt,
557 967 691 1054 vestigia
712 986 822 1052 presse
840 968 1018 1055 sequenda,
1039 980 1071 1035 et
1092 969 1187 1034 obso-

65 1048 148 1115 ietior
177 1050 282 1119 forma
308 1071 468 1138 nunquam
497 1052 558 1118 orit
586 1048 787 1139 usurpanda,
821 1050 878 1116 nisi
905 1053 1017 1119 codice
1046 1051 1188 1140 quodam

64 1137 179 1221 probae
199 1151 295 1204 notae
311 1147 453 1203 auctore.
497 1136 603 1212 Quam
621 1137 725 1223 legem
743 1135 788 1202 ita
805 1135 977 1215 observari,-
999 1147 1043 1216 ut,
1065 1139 1186 1205 etiamsi

63 1223 329 1306 persuasissimum
357 1221 513 1299 habeam,
541 1221 717 1287 Varronem
745 1219 777 1284 iu
808 1242 887 1285 casu
909 1220 1080 1289 accusandi
1108 1245 1186 1290 non-

64 1305 116 1370 nisi
144 1307 292 1373 sinrileis
320 1329 345 1372 s.
374 1304 504 1368 similis
530 1307 694 1394 scripsisse
730 1303 777 1390 (r.
806 1327 878 1371 anu.
908 1305 950 1372 ad
980 1305 1075 1385 VIII,
1103 1307 1187 1392 (19.),

63 1393 227 1458 consensui
258 1406 366 1460 tamen
395 1389 544 1456 librorum
574 1392 623 1458 ita
648 1393 938 1479 obtemperarem,
958 1402 993 1458 ut
1020 1405 1083 1455 nou
1111 1413 1186 1458 raro

62 1477 152 1543 etiam
179 1479 311 1542 similes
338 1488 488 1542 tenerem.
539 1476 662 1544 Patrici
683 1500 777 1544 casus
800 1487 986 1545 contractae
1009 1475 1133 1542 formae
1153 1478 1186 1542 iu

61 1560 76 1624 I
102 1563 245 1650 exempta
273 1559 430 1650 quaedam
457 1561 549 1647 posui
576 1562 629 1628 ad·
644 1561 881 1650 inscriptionem
903 1561 1005 1664 quinti
1033 1561 1120 1637 libri,
1153 1574 1187 1629 et

58 1647 260 1734 reperiuntur
274 1648 393 1795 lpiura,
428 1647 573 1718 maxime,
591 1648 622 1714 in
651 1648 784 1738 proriis
813 1646 988 1716 nominibus
1004 1648 1075 1735 .(ut
1102 1645 1186 1712 Tati

57 1731 91 1811 V,
111 1730 166 1798 74.
214 1733 272 1798 Me
289 1735 303 1796 i
322 1733 361 1811 V,
385 1733 455 1798 157.
481 1731 676 1822 ·Tarquirri
697 1673 735 1814 V,
758 1735 828 1800 159.
871 1734 1031 1798 Mamers·
1051 1731 1112 1811 VI,
1133 1733 1185 1798 45.

56 1816 150 1880 Enni
173 1817 253 1896 VII,
276 1818 324 1882 12.
342 1818 390 1882 19.
412 1827 445 1882 et
462 1817 597 1904 saepius.
643 1819 740 1884 Cossi
760 1819 839 1894 VII,
859 1819 911 1884 21.
956 1819 1012 1884 Pa
1038 1817 1093 1881 iai
1114 1816 1186 1893 Vll,

55 1903 104 1966 28.
149 1900 291 1966 Cometa·
319 1900 395 1980 VII,
415 1901 466 1968 39.
510 1903 599 1968 Acci
628 1903 707 1984 VII,
732 1905 784 1970 65.
834 1903 976 1969 Terenti
1026 1903 1091 1976 III,
1114 1903 1184 1982 14.;

57 1986 155 2052 rarius
186 1986 220 2050 in
248 1986 425 2054 huiusmodi
456 1988 634 2056 vocubulis:
664 1989 801 2091 pomeri
822 1989 862 2064 V,
881 1988 954 2054 143.
987 1987 1122 2054 convivi
1145 1988 1183 2066 V,

61 2072 128 2136 168.
156 2069 245 2157 quod
275 2095 314 2138 ex
344 2096 372 2138 a.
402 2075 604 2162 receptum):
643 2075 860 2148 nihilomiuus,
903 2096 978 2140 oum
1009 2073 1183 2138 Varronem

54 2155 156 2304 app-um
177 2157 258 2308 ppnc
275 2158 482 2261 contrahendi
501 2160 763 2312 culrrlspetprldinebrp
778 2157 1021 2310 rep-reppndi'snse
1036 2159 1183 2309 scippup,

61 2248 425 2412 t1¹13¹¹att⁵23¹3¹¹t¹tt⁵
445 2258 515 2398 tt
538 2267 856 2396 ..1ῖὲ1911ἔῶᾯῖ
901 2244 1083 2394 ‘tttt't
1115 2291 1182 2394 tm·

63 2412 207 2480 nonnullis
239 2414 347 2498 formis
378 2417 456 2482 Iex
478 2415 526 2482 II
555 2427 773 2493 contractum,
814 2413 961 2480 codicum
989 2415 1180 2501 scripturam

62 2497 208 2575 imitatus,
240 2503 365 2588 recepi,
397 2501 486 2568 cuius
511 2500 559 2564 rei
583 2499 790 2566 certissimum
812 2499 988 2586 exemplum
1011 2512 1060 2567 est
1078 2497 1180 2575 idem,

63 2583 258 2650 multitudinis
286 2587 397 2654 forma.
454 2588 470 2652 I
499 2584 623 2651 vocatis,
640 2585 695 2649 ubi
716 2584 877 2671 sequentis
899 2583 1100 2651 consonantis
1122 2605 1180 2670 po-

62 2670 151 2736 tentia
171 2671 203 2735 iu
220 2671 249 2737 U
265 2683 413 2750 mutatur,
436 2684 533 2759 atque
549 2671 611 2737 hoc
628 2671 698 2735 libri
719 2673 905 2751 offerebant,
928 2670 1044 2758 ubique
1064 2669 1180 2756 recepi.

63 2753 111 2820 Sic
138 2767 212 2822 ante
238 2756 267 2822 L
296 2758 327 2822 in
353 2756 607 2822 tubulustrium
634 2757 716 2841 (VI,
738 2756 825 2841 14.);
861 2755 1019 2824 interdum
1049 2767 1123 2822 ante
1150 2755 1179 2820 F

62 2837 89 2902 in
104 2839 274 2943 pontufex
296 2844 335 2923 V,
352 2843 404 2908 83.
411 2866 423 2946 3
454 2853 528 2945 ante
547 2842 633 2943 Min
654 2865 818 2940 maxume
838 2853 871 2909 et
888 2863 1099 2939 proxumum
1121 2839 1180 2941 sod

63 2928 501 3103 ttttttt.,⁰t¹,t...¹.¹,itt.
515 2929 905 3091 1111ἓὲ171175.Ξὶ
929 2947 1180 3088 .:.t}'’²‹t.2.⁰t¹..

63 3095 102 3160 sic
127 3099 333 3187 praecipienti
359 3102 546 3166 obsecutum
574 3121 654 3166 esse.
697 3097 793 3172 Quod
819 3097 859 3178 V,
876 3093 928 3162 83.
953 3091 1126 3182 pontufex
1148 3105 1182 3163 et

35 3178 251 3267 pontifices,
298 3197 340 3257 et¹
363 3186 459 3262 VIII,
488 3187 539 3250 77.
578 3205 837 3272 pauperrumrss
883 3192 915 3250 et
952 3183 1180 3267 pauperrimo

65 3265 185 3352 scripsi,
223 3271 289 3336 eius
321 3272 366 3337 rei
399 3269 553 3338 ratio'neur
581 3267 742 3355 quandam
771 3266 914 3348 reddidi,
953 3287 1047 3353 quarn
1075 3265 1181 3348 vaicra

64 3354 158 3434 putavi
179 3354 222 3419 ad
243 3355 390 3423 codicum
411 3355 639 3432 auctoritatem.
653 3353 909 3432 sustentandam,
936 3371 998 3416 uon
1020 3347 1063 3416 ad
1083 3351 1181 3447 corri-

63 3439 192 3518 gendam
212 3442 369 3508 scribendi
387 3438 657 3510 consuetudinem.
706 3439 913 3504 Traicierrdo
933 3437 972 3511 V,
986 3435 1067 3512 115,
1090 3435 1181 3498 desei

66 3521 133 3603 VII,
146 3528 197 3592 24.
220 3538 252 3594 et
273 3529 383 3595 similia
403 3527 512 3614 recepi
534 3526 586 3590 ubi
608 3523 675 3592 iibri
697 3525 890 3604 offerebant,
921 3521 953 3586 in
998 3519 1090 3584 uibus
1112 3518 1194 3585 siue-

65 3603 151 3676 dubio
171 3634 270 3700 saepe
290 3615 455 3681 obliterata
475 3622 564 3690 sunt,
595 3623 631 3678 ut
652 3608 723 3692 VII,
744 3609 796 3675 44.
816 3607 908 3702 (1ᾳίσί
927 3630 947 3672 a
969 3545 1179 3676 Vholandello

66 3696 231 3766 restitutum
267 3710 317 3768 est
349 3723 388 3765 ex
420 3699 580 3766 scritura
610 3696 701 3761 duci.
756 3693 807 3760 Os.
834 3691 911 3769 VII,
939 3693 967 3757 l.
1023 3689 1178 3778 Reprae-

65 3775 163 3845 iaendc
191 3796 224 3850 et
250 3723 517 3872 compraehendd
545 3803 585 3848 ex
613 3780 763 3848 Gothano
789 3778 869 3843 libro
898 3773 1034 3842 tortasse
1062 3777 1179 3862 ubique

66 3867 279 3935 restituendum
309 3882 387 3935 erat.
430 3869 468 3936 V.
491 3878 597 3935 annot.
624 3865 666 3934 ad
692 3865 758 3944 IX,
781 3866 837 3930 91.
885 3863 988 3928 Mille
1016 3872 1049 3928 et
1075 3862 1178 3924 milia
1274 3864 1285 3875 ”

66 3950 143 4030 quod
174 3977 214 4020 ex
242 3956 317 4042 lege
352 3953 620 4043 pronunciationis
653 3951 802 4037 antiquae
833 3945 950 4036 ubique
982 3946 1055 4014 disti
1101 3968 1179 4011 uere

67 4031 158 4102 licuit:
195 4041 258 4106 hoc
290 4040 502 4129 praestantiae
531 4050 712 4105 nostrorum
738 4036 889 4101 librorum
919 4031 1046 4118 aliquod
1101 4054 1177 4098 ocu-

68 4134 194 4190 mentum
214 4137 271 4192 est.
291 4179 294 4186 ,
314 4125 350 4192 Iu
371 4125 601 4192 committendis
622 4120 812 4210 praeverbiis
832 4143 905 4186 cum
924 4119 1025 4187 verbis
1042 4117 1177 4221 optimos

68 4205 183 4276 codices
213 4213 371 4300 expressi,
414 4233 487 4276 curu
517 4211 548 4275 iu
578 4233 616 4276 ea
646 4229 681 4272 re
710 4228 833 4272 summa
862 4202 967 4271 cautio
998 4203 1178 4271 adhibenda

68 4287 114 4357 sit:
143 4317 213 4364 nam
243 4297 328 4384 quod
355 4295 546 4362 Niebuhrius
574 4296 624 4382 (in
647 4305 822 4381 conspectu
844 4291 987 4376 orthogr.
1008 4291 1113 4357 Cicer.
1136 4289 1178 4355 de

69 4372 102 4440 R·
129 4379 204 4466 P.)
228 4385 259 4450 in
290 4384 448 4452 Cicerone
483 4393 615 4471 propter
647 4379 772 4447 oculata
806 4377 1010 4446 damnaverat
1043 4375 1176 4462 collega,
