2874 4804
284 245 367 316 246
674 269 794 312 arnna
829 267 1024 314 uncinus.
1120 315 1123 320 ,

283 429 376 502 unde
404 426 641 520 declinantur,
678 439 839 526 apparet,
877 435 916 498 ut
946 422 1228 522 quemadmodum
1251 438 1369 523 oporteat

283 544 322 603 ut
355 557 374 600 a
402 542 603 626 praetor,
640 529 820 622 consul,
856 527 1207 626 praetori„eonsuli.
1256 529 1325 598 Alia
1341 555 1369 599 er
1399 597 1400 602 ,

282 634 429 704 transitu
455 631 715 730 intelleguntur,
742 644 781 703 ut
802 655 946 722 socer,
971 652 1127 721 macer,
1151 629 1239 726 quod
1259 629 1369 700 alterurn

282 733 323 806 fit
357 759 537 822 socerum,
578 733 722 804 alterum
757 759 934 823 macrum,
976 756 1122 827 quorum
1156 743 1321 826 utrumque
1345 733 1369 799 in

281 835 424 931 reliquis
452 861 472 904 a
498 837 644 906 transitu
675 861 772 906 suam
804 837 896 904 viam
923 834 1077 930 sequitur
1107 841 1140 903 et
1164 832 1200 902 in
1224 832 1368 928 singulari-

280 935 347 1006 bus
380 947 414 1016 et
446 936 482 1006 in
516 936 746 1007 multitudinis
780 933 1081 1007 declinationibus.
1142 934 1222 1004 Hoc
1246 932 1280 1004 iit
1301 931 1366 1020 ideo,

281 1036 376 1133 quod
409 1047 609 1108 naturarum
636 1063 761 1136 genera
797 1049 878 1108 sunt
911 1036 1000 1127 duo,
1036 1060 1125 1134 quae
1150 1037 1234 1105 inter
1258 1059 1289 1104 se
1309 1057 1368 1102 con·
1399 1033 1400 1048 ¹

279 1138 363 1208 ferri
398 1149 563 1234 possunt,
606 1166 712 1210 unum
754 1138 848 1235 quod
887 1165 948 1235 per
982 1164 1021 1208 se
1054 1136 1164 1206 videri
1198 1145 1315 1232 potest,
1344 1142 1369 1202 ut

278 1237 410 1310 lromo
443 1251 477 1310 et
509 1265 674 1336 equos:
719 1241 864 1312 alterum
904 1242 978 1310 sine
1015 1247 1190 1334 assumpta
1223 1236 1322 1331 aliqua
1344 1257 1369 1302 re

279 1343 494 1412 extrinsecus
520 1344 669 1438 perspici
695 1369 765 1413 non
790 1343 918 1438 possit,
954 1351 993 1412 ut
1014 1363 1147 1434 eques
1172 1349 1204 1409 et
1227 1337 1367 1432 equis03

277 1452 423 1539 uterque
448 1445 539 1513 enim
567 1443 694 1555 dicitur
719 1443 763 1514 ab
788 1468 891 1540 equo.
1008 1439 1076 1510 29.
1119 1438 1266 1535 Quippe*
1289 1435 1369 1506 honi·
1399 1451 1400 1512 ς

217 1568 358 1618 larnem
385 1541 517 1615 homini
550 1545 695 1617 similem
721 1571 797 1616 esse
830 1556 984 1616 autnon
1010 1568 1111 1634 esse,
1149 1543 1178 1612 si
1207 1536 1369 1624 contuleris,
1399 1515 1400 1602 l

278 1670 321 1716 ex
351 1647 435 1740 ipsis
468 1645 600 1717 homini
636 1646 886 1718 animadversis
919 1647 1030 1716 scies:
1079 1654 1115 1714 at
1147 1643 1214 1714 duo
1239 1643 1321 1738 iuter
1345 1658 1370 1704 sc

279 1745 480 1817 similiterne
518 1748 587 1816 siut
627 1747 822 1844 longioreS,
867 1772 972 1842 quam
1008 1747 1078 1816 sint
1118 1771 1231 1817 eorum
1265 1741 1368 1823 fratres,

175 1937 178 1942 ι
216 1872 269 1942 §.⁶1
278 1845 392 1917 dicere
417 1872 488 1917 non
514 1848 646 1943 possis,
678 1849 706 1918 si
730 1848 808 1918 illos
832 1846 1028 1937 breviores,
1068 1871 1149 1917 cum
1175 1842 1290 1942 quibus
1310 1863 1369 1908 con·
1399 1873 1400 1896 r

276 1945 456 2042 feruntur,
492 1975 597 2046 quam
622 1949 718 2046 longi
748 1951 818 2019 sint
841 1950 1001 2045 ignores:
1044 1950 1095 2018 sic
1122 1949 1272 2018 latiorum
1290 1941 1370 2034 'atque
1399 1965 1400 2026 ζ

276 2049 459 2142 altiorum,
493 2053 575 2122 item
602 2063 735 2122 caetera
763 2049 915 2120 ciusdem
941 2050 1098 2145 generiS,
1135 2052 1206 2120 sinc
1230 2049 1369 2134 assumpto

276 2152 489 2222 extrinsecus
521 2151 638 2246 aliquo
675 2153 826 2248 perspici
866 2150 1109 2221 similitudines
1145 2177 1212 2222 non
1242 2149 1367 2243 possunt·
1399 2153 1400 2236 l

276 2248 339 2322 Sic
364 2252 470 2348 igitur
492 2252 632 2349 quidam
658 2278 759 2324 casus
786 2251 879 2349 quod
904 2279 947 2323 ex
969 2249 1036 2323 hoc
1061 2277 1187 2350 genere
1211 2257 1298 2336 sunt,
1321 2265 1370 2312 non

274 2350 379 2423 facile
399 2365 403 2372 ’
420 2366 474 2425 est
514 2354 627 2428 dicere
672 2355 792 2426 similis
828 2380 939 2444 csse,
971 2356 999 2424 si
1036 2379 1155 2424 eorum
1192 2347 1370 2446 singulorum

277 2452 392 2532 solum¹
428 2456 681 2528 animadvertas
713 2481 839 2548 voces,
883 2458 951 2526 nisi
986 2456 1213 2554 assumpseris
1243 2449 1369 2531 alterum,

275 2579 345 2650 quo
370 2555 521 2628 flectitur
546 2560 582 2628 in
607 2558 819 2630 transeundo
841 2581 923 2627 von.

198 2689 265 2754 (1³2
376 2671 444 2744 50.
486 2676 595 2767 Quod
626 2676 671 2747 ad
704 2679 940 2750 nominatuum
958 2681 960 2686 ⁴
979 2677 1219 2748 similitudines
1250 2660 1400 2743 animai?

274 2775 456 2846 vertendas
483 2777 667 2848 arbitratus
692 2803 767 2850 sum
794 2780 877 2848 satis
901 2803 976 2849 esse
1001 2788 1164 2877 tangere,
1198 2776 1278 2846 haec
1300 2774 1369 2840 sunl·

273 2875 498 2973 Relinquitur
533 2879 575 2952 de
609 2879 785 2972 articulis,
829 2880 866 2950 in
901 2879 1027 2976 quibus
1061 2880 1229 2977 quaedam
1266 2870 1370 2951 eaden,

234 3057 236 3062 ,
273 2978 442 3072 quaedam
468 2980 547 3052 alia.
601 2982 658 3055 De
684 2983 838 3079 quinque
871 2984 962 3052 enim
988 2981 1172 3080 generibus
1200 2980 1265 3052 duo
1287 2970 1372 3072 prima
1399 2967 1400 3046 l

271 3073 401 3151 habent
426 3077 685 3179 eadem,‘quod
708 3094 789 3154 sunt
814 3094 848 3154 et
869 3083 980 3152 virilia
1004 3094 1039 3154 et
1060 3081 1238 3155 muliebria
1261 3088 1292 3150 et
1310 3093 1371 3142 neu·

271 3188 346 3272 tra,
383 3193 417 3252 et
442 3184 537 3279 quod
563 3184 629 3256 alia
659 3195 760 3277 sunt,
797 3196 837 3255 ut
868 3183 1066 3281 significent
1098 3183 1237 3275 unum*,
1270 3176 1326 3248 alia
1345 3177 1372 3238 ui

210 3311 258 3382 sur
269 3278 393 3376 plura,
432 3294 468 3358 et
502 3284 545 3358 de
579 3285 719 3358 casibus
753 3286 848 3384 quod
881 3284 1011 3358 habent
1041 3289 1189 3384 quinos:
1218 3307 1301 3370 *nam
1328 3291 1370 3343 νῦ·

319 3491 321 3502 ·
380 3447 431 3512 28·
459 3465 584 3534 apparet]
603 3467 749 3520 emendarit
765 3468 837 3521 Pius.
874 3466 1018 3536 appellarit
1036 3469 1111 3522 codd.
1185 3461 1282 3530 consul]
1299 3451 1370 3512 Neud

268 3533 402 3658 vhyaslrg
421 3538 553 3605 scripserit
571 3555 589 3588 a
608 3538 706 3589 consul.
838 3540 931 3611 equos]
948 3558 1033 3612 equus
1051 3541 1126 3594 codd.
1246 3528 1334 3606 equire]
1348 3519 1369 3574 el.
1399 3527 1400 3568 ζ

336 3643 345 3669 ‚
401 3645 407 3658 .

377 3687 429 3751 29.
456 3702 583 3771 Quippe*]
601 3706 668 3758 coni.
705 3722 788 3776 quare
807 3705 882 3758 codd.
914 3707 991 3760 Certe
1009 3710 1193 3762 sententiarum
1211 3703 1272 3760 ordo
1288 3692 1369 3763 ,equid

267 3775 434 3839 particulam,
454 3789 504 3838 qua
522 3791 573 3827 non
592 3777 766 3842 concluditur,
786 3778 832 3830 scd
850 3778 985 3832 subiicitur
1003 3782 1076 3834 ratio.
1096 3829 1098 3834 .
1148 3803 1150 3807 ·
1176 3774 1287 3848 ignoret]
1304 3766 1368 3823 Aldu*

265 3843 390 3911 ignorent
407 3843 484 3896 codd.
520 3845 678 3915 ignorentur
706 3855 733 3900 et
756 3855 832 3900 autea
850 3847 905 3900 illis
923 3865 966 3916 vg.
1132 3850 1182 3917 sic]
1201 3867 1241 3916 vg.
1276 3844 1297 3895 ri
1312 3833 1366 3892 codd·

265 3911 294 3963 in
312 3913 486 3982 transeundo]
504 3931 547 3982 vg.
583 3918 613 3967 in
630 3919 823 3970 transeundum
841 3919 915 3972 FHa.
957 3920 1144 3972 intranseondi
1161 3925 1196 3974 G.

328 4095 334 4103 θ
376 4011 429 4078 30·
453 4031 649 4099 nominatum]
668 4035 702 4087 G.
729 4040 758 4086 ut
777 4051 819 4101 vg.
861 4035 1050 4088 nominativum
1074 4039 1105 4092 F.
1150 4018 1366 4092 nominativurnill·

263 4103 432 4149 nonnnatuzu
448 4115 470 4151 a.
508 4103 591 4154 Varro
610 4103 719 4157 sortasse
737 4106 840 4173 scripsit
858 4107 1046 4160 nominaturus.
1191 4103 1255 4169 esse]
1273 4116 1309 4166 vg.
1338 4095 1367 4138 est
1399 4163 1400 4168 ,

265 4166 357 4250 codd·
376 4167 561 4235 Inaequalitate
580 4177 704 4228 relativae
723 4185 749 4227 et
767 4178 903 4243 primariae
923 4173 1067 4231 sententiae
1085 4181 1110 4232 in
1129 4177 1178 4231 hoc
1196 4173 1365 4246 scriptorem
1399 4175 1400 4240 l

262 4236 421 4316 uffeudlutur.
548 4247 670 4315 tangere]
690 4247 848 4314 Augustinus
867 4250 891 4300 in
912 4265 992 4316 marg.
1036 4268 1134 4322 ungere
1153 4248 1237 4301 FGH.
1275 4255 1333 4308 ange
1350 4247 1366 4279 θ’
1399 4257 1400 4278 ¹

259 4310 301 4359 De
328 4325 444 4379 quinque
470 4313 621 4381 generibus]
648 4317 734 4370 Locus
762 4318 909 4384 obscurior,
938 4321 1047 4374 fortasse
1075 4327 1181 4390 propter
1206 4310 1363 4384 ignorationem
