<?xml version="1.0" encoding="UTF-8"?>
<!DOCTYPE html PUBLIC "-//W3C//DTD XHTML 1.0 Transitional//EN"
    "http://www.w3.org/TR/xhtml1/DTD/xhtml1-transitional.dtd">
<html xmlns="http://www.w3.org/1999/xhtml" xml:lang="en" lang="en">
 <head>
  <title>
</title>
<meta http-equiv="Content-Type" content="text/html;charset=utf-8" />
  <meta name='ocr-system' content='tesseract 3.04.00' />
  <meta name='ocr-capabilities' content='ocr_page ocr_carea ocr_par ocr_line ocrx_word'/>
</head>
<body>
  <div class='ocr_page' id='page_1' title='image "./mterentivarroni00mlgoog/mterentivarroni00mlgoog_0282.png"; bbox 0 0 2866 4812; ppageno 0'>
   <div class='ocr_carea' id='block_1_1' title="bbox 148 211 980 313">
    <p class='ocr_par' dir='ltr' id='par_1_1' title="bbox 148 211 980 313">
     <span class='ocr_line' id='line_1_1' title="bbox 148 211 980 313; baseline -0.008 1"><span class='ocrx_word' id='word_1_1' title='bbox 148 281 153 302; x_wconf 63' lang='grc' dir='ltr'><strong>ι</strong></span> <span class='ocrx_word' id='word_1_2' title='bbox 204 211 209 224; x_wconf 41' lang='lat'>⁸</span> <span class='ocrx_word' id='word_1_3' title='bbox 254 233 339 313; x_wconf 66' lang='lat' dir='ltr'>22AE</span> <span class='ocrx_word' id='word_1_4' title='bbox 659 239 785 310; x_wconf 77' lang='lat' dir='ltr'>nr‘ara</span> <span class='ocrx_word' id='word_1_5' title='bbox 827 262 980 310; x_wconf 72' lang='lat' dir='ltr'>uorsus.</span> 
     </span>
    </p>
   </div>
   <div class='ocr_carea' id='block_1_2' title="bbox 197 422 1392 1028">
    <p class='ocr_par' dir='ltr' id='par_1_2' title="bbox 197 422 1392 1028">
     <span class='ocr_line' id='line_1_2' title="bbox 197 422 1392 522; baseline -0.01 -17"><span class='ocrx_word' id='word_1_6' title='bbox 197 441 296 507; x_wconf 77' lang='lat' dir='ltr'>rreut</span> <span class='ocrx_word' id='word_1_7' title='bbox 325 451 474 522; x_wconf 81' lang='lat' dir='ltr'>mauns3</span> <span class='ocrx_word' id='word_1_8' title='bbox 517 423 713 498; x_wconf 85' lang='lat' dir='ltr'>diceremus</span> <span class='ocrx_word' id='word_1_9' title='bbox 740 435 780 498; x_wconf 83' lang='lat' dir='ltr'>ut</span> <span class='ocrx_word' id='word_1_10' title='bbox 810 423 990 517; x_wconf 85' lang='lat' dir='ltr'>manibus,</span> <span class='ocrx_word' id='word_1_11' title='bbox 1025 426 1078 496; x_wconf 89' lang='lat' dir='ltr'>sio</span> <span class='ocrx_word' id='word_1_12' title='bbox 1110 422 1259 514; x_wconf 79' lang='lat' dir='ltr'>ficibus,</span> <span class='ocrx_word' id='word_1_13' title='bbox 1296 435 1333 496; x_wconf 87' lang='lat' dir='ltr'>et</span> <span class='ocrx_word' id='word_1_14' title='bbox 1357 435 1392 493; x_wconf 87' lang='lat' dir='ltr'>ut</span> 
     </span>
     <span class='ocr_line' id='line_1_3' title="bbox 254 524 1392 626; baseline -0.008 -22"><span class='ocrx_word' id='word_1_15' title='bbox 254 557 439 623; x_wconf 85' lang='lat' dir='ltr'>manuum,</span> <span class='ocrx_word' id='word_1_16' title='bbox 474 530 525 602; x_wconf 92' lang='lat' dir='ltr'>sic</span> <span class='ocrx_word' id='word_1_17' title='bbox 549 526 703 622; x_wconf 81' lang='lat' dir='ltr'>ficuum3</span> <span class='ocrx_word' id='word_1_18' title='bbox 743 553 856 626; x_wconf 84' lang='lat' dir='ltr'>neque</span> <span class='ocrx_word' id='word_1_19' title='bbox 879 525 942 600; x_wconf 86' lang='lat' dir='ltr'>hes</span> <span class='ocrx_word' id='word_1_20' title='bbox 967 528 1055 600; x_wconf 89' lang='lat' dir='ltr'>licos</span> <span class='ocrx_word' id='word_1_21' title='bbox 1082 524 1298 618; x_wconf 82' lang='lat' dir='ltr'>diceremus,</span> <span class='ocrx_word' id='word_1_22' title='bbox 1335 525 1392 596; x_wconf 91' lang='lat' dir='ltr'>sed</span> 
     </span>
     <span class='ocr_line' id='line_1_4' title="bbox 254 627 1391 726; baseline -0.009 -20"><span class='ocrx_word' id='word_1_23' title='bbox 254 635 364 726; x_wconf 78' lang='lat' dir='ltr'>licus,</span> <span class='ocrx_word' id='word_1_24' title='bbox 401 643 441 703; x_wconf 94' lang='lat' dir='ltr'>ut</span> <span class='ocrx_word' id='word_1_25' title='bbox 471 656 542 703; x_wconf 92' lang='lat' dir='ltr'>non</span> <span class='ocrx_word' id='word_1_26' title='bbox 575 653 696 700; x_wconf 88' lang='lat' dir='ltr'>manos</span> <span class='ocrx_word' id='word_1_27' title='bbox 729 628 966 726; x_wconf 77' lang='lat' dir='ltr'>appellamus,</span> <span class='ocrx_word' id='word_1_28' title='bbox 1005 628 1068 701; x_wconf 89' lang='lat' dir='ltr'>sed</span> <span class='ocrx_word' id='word_1_29' title='bbox 1105 627 1265 721; x_wconf 82' lang='lat' dir='ltr'>*manus3</span> <span class='ocrx_word' id='word_1_30' title='bbox 1313 629 1391 696; x_wconf 82' lang='lat' dir='ltr'>neo*</span> 
     </span>
     <span class='ocr_line' id='line_1_5' title="bbox 255 727 1389 830; baseline -0.01 -22"><span class='ocrx_word' id='word_1_31' title='bbox 255 731 471 809; x_wconf 88' lang='lat' dir='ltr'>consuetudo</span> <span class='ocrx_word' id='word_1_32' title='bbox 502 732 633 802; x_wconf 87' lang='lat' dir='ltr'>diceret</span> <span class='ocrx_word' id='word_1_33' title='bbox 663 731 849 830; x_wconf 72' lang='lat' dir='ltr'>singularis</span> <span class='ocrx_word' id='word_1_34' title='bbox 875 731 1037 828; x_wconf 87' lang='lat' dir='ltr'>obliquos</span> <span class='ocrx_word' id='word_1_35' title='bbox 1063 755 1166 802; x_wconf 89' lang='lat' dir='ltr'>casus</span> <span class='ocrx_word' id='word_1_36' title='bbox 1190 729 1298 800; x_wconf 87' lang='lat' dir='ltr'>huius</span> <span class='ocrx_word' id='word_1_37' title='bbox 1320 727 1389 818; x_wconf 85' lang='lat' dir='ltr'>fici,</span> 
     </span>
     <span class='ocr_line' id='line_1_6' title="bbox 254 829 1392 934; baseline -0.01 -23"><span class='ocrx_word' id='word_1_38' title='bbox 254 863 368 934; x_wconf 90' lang='lat' dir='ltr'>neque</span> <span class='ocrx_word' id='word_1_39' title='bbox 398 834 465 906; x_wconf 90' lang='lat' dir='ltr'>hac</span> <span class='ocrx_word' id='word_1_40' title='bbox 496 833 586 924; x_wconf 85' lang='lat' dir='ltr'>lico,</span> <span class='ocrx_word' id='word_1_41' title='bbox 621 843 660 904; x_wconf 92' lang='lat' dir='ltr'>ut</span> <span class='ocrx_word' id='word_1_42' title='bbox 693 859 764 906; x_wconf 92' lang='lat' dir='ltr'>non</span> <span class='ocrx_word' id='word_1_43' title='bbox 798 831 884 904; x_wconf 94' lang='lat' dir='ltr'>dicit</span> <span class='ocrx_word' id='word_1_44' title='bbox 916 833 1019 904; x_wconf 89' lang='lat' dir='ltr'>huius</span> <span class='ocrx_word' id='word_1_45' title='bbox 1049 831 1165 924; x_wconf 77' lang='lat' dir='ltr'>mani,</span> <span class='ocrx_word' id='word_1_46' title='bbox 1198 831 1261 904; x_wconf 89' lang='lat' dir='ltr'>sed</span> <span class='ocrx_word' id='word_1_47' title='bbox 1289 829 1392 901; x_wconf 90' lang='lat' dir='ltr'>huius</span> 
     </span>
     <span class='ocr_line' id='line_1_7' title="bbox 254 934 1068 1028; baseline -0.006 -17"><span class='ocrx_word' id='word_1_48' title='bbox 254 963 401 1028; x_wconf 87' lang='lat' dir='ltr'>manus,</span> <span class='ocrx_word' id='word_1_49' title='bbox 436 946 473 1010; x_wconf 85' lang='lat' dir='ltr'>et</span> <span class='ocrx_word' id='word_1_50' title='bbox 493 935 560 1006; x_wconf 89' lang='lat' dir='ltr'>hac</span> <span class='ocrx_word' id='word_1_51' title='bbox 586 958 712 1026; x_wconf 81' lang='lat' dir='ltr'>mano,</span> <span class='ocrx_word' id='word_1_52' title='bbox 750 934 813 1010; x_wconf 87' lang='lat' dir='ltr'>sed</span> <span class='ocrx_word' id='word_1_53' title='bbox 836 934 904 1006; x_wconf 90' lang='lat' dir='ltr'>hac</span> <span class='ocrx_word' id='word_1_54' title='bbox 929 943 1068 1008; x_wconf 73' lang='lat' dir='ltr'>mauu.</span> 
     </span>
    </p>
   </div>
   <div class='ocr_carea' id='block_1_3' title="bbox 192 1016 1391 1284">
    <p class='ocr_par' dir='ltr' id='par_1_3' title="bbox 192 1016 1391 1284">
     <span class='ocr_line' id='line_1_8' title="bbox 192 1016 1391 1161; baseline -0.003 -25"><span class='ocrx_word' id='word_1_55' title='bbox 192 1069 249 1148; x_wconf 70' lang='grc'>49</span> <span class='ocrx_word' id='word_1_56' title='bbox 358 1059 424 1136; x_wconf 77' lang='grc'>81.</span> <span class='ocrx_word' id='word_1_57' title='bbox 467 1063 586 1136; x_wconf 81' lang='lat' dir='ltr'>Etiam</span> <span class='ocrx_word' id='word_1_58' title='bbox 610 1061 700 1144; x_wconf 91' lang='lat' dir='ltr'>illud</span> <span class='ocrx_word' id='word_1_59' title='bbox 724 1075 847 1160; x_wconf 91' lang='lat' dir='ltr'>putant</span> <span class='ocrx_word' id='word_1_60' title='bbox 862 1077 947 1138; x_wconf 79' lang='lat' dir='ltr'>&#39;esse</span> <span class='ocrx_word' id='word_1_61' title='bbox 969 1089 1113 1157; x_wconf 80' lang='lat' dir='ltr'>causae,</span> <span class='ocrx_word' id='word_1_62' title='bbox 1141 1088 1231 1161; x_wconf 85' lang='lat' dir='ltr'>quor</span> <span class='ocrx_word' id='word_1_63' title='bbox 1253 1016 1336 1156; x_wconf 49' lang='lat' dir='ltr'>non,</span> <span class='ocrx_word' id='word_1_64' title='bbox 1353 1063 1391 1132; x_wconf 91' lang='lat' dir='ltr'>sit</span> 
     </span>
     <span class='ocr_line' id='line_1_9' title="bbox 255 1164 913 1284; baseline -0.003 -42"><span class='ocrx_word' id='word_1_65' title='bbox 255 1167 435 1266; x_wconf 79' lang='lat' dir='ltr'>analogia,</span> <span class='ocrx_word' id='word_1_66' title='bbox 467 1165 563 1263; x_wconf 91' lang='lat' dir='ltr'>quod</span> <span class='ocrx_word' id='word_1_67' title='bbox 587 1164 748 1284; x_wconf 80' lang='lat' dir='ltr'>Lucilius</span> <span class='ocrx_word' id='word_1_68' title='bbox 774 1166 913 1240; x_wconf 78' lang='lat' dir='ltr'><strong>scribit:</strong></span> 
     </span>
    </p>
   </div>
   <div class='ocr_carea' id='block_1_4' title="bbox 369 1287 1114 1362">
    <p class='ocr_par' dir='ltr' id='par_1_4' title="bbox 369 1287 1114 1362">
     <span class='ocr_line' id='line_1_10' title="bbox 369 1287 1114 1362; baseline -0.001 -3"><span class='ocrx_word' id='word_1_69' title='bbox 369 1287 597 1359; x_wconf 81' lang='lat' dir='ltr'>Decussr&#39;*</span> <span class='ocrx_word' id='word_1_70' title='bbox 621 1289 702 1360; x_wconf 76' lang='lat' dir='ltr'>&#39;sive</span> <span class='ocrx_word' id='word_1_71' title='bbox 738 1292 1021 1362; x_wconf 74' lang='lat' dir='ltr'>decuesibus</span> <span class='ocrx_word' id='word_1_72' title='bbox 1051 1305 1114 1361; x_wconf 83' lang='lat' dir='ltr'>est.</span> 
     </span>
    </p>
   </div>
   <div class='ocr_carea' id='block_1_5' title="bbox 178 1405 1395 2931">
    <p class='ocr_par' dir='ltr' id='par_1_5' title="bbox 178 1405 1395 2931">
     <span class='ocr_line' id='line_1_11' title="bbox 178 1405 1390 1506; baseline -0.006 -22"><span class='ocrx_word' id='word_1_73' title='bbox 178 1430 247 1499; x_wconf 86' lang='lat' dir='ltr'>(ns</span> <span class='ocrx_word' id='word_1_74' title='bbox 255 1411 329 1503; x_wconf 82' lang='lat' dir='ltr'>Qui</span> <span class='ocrx_word' id='word_1_75' title='bbox 354 1420 491 1500; x_wconf 63' lang='lat' dir='ltr'>errant«,</span> <span class='ocrx_word' id='word_1_76' title='bbox 532 1407 628 1506; x_wconf 90' lang='lat' dir='ltr'>quod</span> <span class='ocrx_word' id='word_1_77' title='bbox 652 1407 814 1481; x_wconf 85' lang='lat' dir='ltr'>Lucilius</span> <span class='ocrx_word' id='word_1_78' title='bbox 840 1437 911 1482; x_wconf 89' lang='lat' dir='ltr'>non</span> <span class='ocrx_word' id='word_1_79' title='bbox 937 1409 1056 1483; x_wconf 85' lang='lat' dir='ltr'>debuit</span> <span class='ocrx_word' id='word_1_80' title='bbox 1086 1407 1264 1499; x_wconf 80' lang='lat' dir='ltr'>dubitare,</span> <span class='ocrx_word' id='word_1_81' title='bbox 1302 1405 1390 1504; x_wconf 90' lang='lat' dir='ltr'>qnod</span> 
     </span>
     <span class='ocr_line' id='line_1_12' title="bbox 255 1509 1391 1609; baseline -0.007 -23"><span class='ocrx_word' id='word_1_82' title='bbox 255 1525 462 1609; x_wconf 82' lang='lat' dir='ltr'>utrumque3</span> <span class='ocrx_word' id='word_1_83' title='bbox 495 1537 576 1582; x_wconf 89' lang='lat' dir='ltr'>nam</span> <span class='ocrx_word' id='word_1_84' title='bbox 597 1512 635 1580; x_wconf 90' lang='lat' dir='ltr'>in</span> <span class='ocrx_word' id='word_1_85' title='bbox 660 1537 870 1609; x_wconf 87' lang='lat' dir='ltr'>aereusque</span> <span class='ocrx_word' id='word_1_86' title='bbox 895 1509 940 1583; x_wconf 88' lang='lat' dir='ltr'>ab</span> <span class='ocrx_word' id='word_1_87' title='bbox 962 1537 1040 1585; x_wconf 87' lang='lat' dir='ltr'>asse</span> <span class='ocrx_word' id='word_1_88' title='bbox 1065 1512 1111 1584; x_wconf 87' lang='lat' dir='ltr'>ad</span> <span class='ocrx_word' id='word_1_89' title='bbox 1137 1510 1307 1584; x_wconf 76' lang='lat' dir='ltr'>centussis</span> <span class='ocrx_word' id='word_1_90' title='bbox 1332 1536 1391 1579; x_wconf 91' lang='lat' dir='ltr'>nu-</span> 
     </span>
     <span class='ocr_line' id='line_1_13' title="bbox 196 1611 1392 1710; baseline -0.008 -20"><span class='ocrx_word' id='word_1_91' title='bbox 196 1639 370 1694; x_wconf 76' lang='lat' dir='ltr'>srrmcrus</span> <span class='ocrx_word' id='word_1_92' title='bbox 392 1637 450 1688; x_wconf 88' lang='lat' dir='ltr'>aes</span> <span class='ocrx_word' id='word_1_93' title='bbox 469 1611 705 1710; x_wconf 74' lang='lat' dir='ltr'>adsignificat,</span> <span class='ocrx_word' id='word_1_94' title='bbox 731 1616 859 1686; x_wconf 89' lang='lat' dir='ltr'>eteius</span> <span class='ocrx_word' id='word_1_95' title='bbox 882 1641 1027 1687; x_wconf 89' lang='lat' dir='ltr'>numero</span> <span class='ocrx_word' id='word_1_96' title='bbox 1048 1613 1137 1686; x_wconf 87' lang='lat' dir='ltr'>finiti</span> <span class='ocrx_word' id='word_1_97' title='bbox 1159 1638 1261 1684; x_wconf 89' lang='lat' dir='ltr'>casus</span> <span class='ocrx_word' id='word_1_98' title='bbox 1283 1611 1392 1684; x_wconf 89' lang='lat' dir='ltr'>omnis</span> 
     </span>
     <span class='ocr_line' id='line_1_14' title="bbox 193 1708 1391 1811; baseline -0.005 -23"><span class='ocrx_word' id='word_1_99' title='bbox 193 1708 276 1788; x_wconf 55' lang='lat' dir='ltr'>“a</span> <span class='ocrx_word' id='word_1_100' title='bbox 309 1711 486 1811; x_wconf 89' lang='lat' dir='ltr'>dupondio</span> <span class='ocrx_word' id='word_1_101' title='bbox 518 1723 621 1805; x_wconf 83' lang='lat' dir='ltr'>sunt,</span> <span class='ocrx_word' id='word_1_102' title='bbox 658 1715 753 1811; x_wconf 90' lang='lat' dir='ltr'>quod</span> <span class='ocrx_word' id='word_1_103' title='bbox 779 1715 905 1788; x_wconf 85' lang='lat' dir='ltr'>dicitur·</span> <span class='ocrx_word' id='word_1_104' title='bbox 929 1741 950 1788; x_wconf 88' lang='lat' dir='ltr'>a</span> <span class='ocrx_word' id='word_1_105' title='bbox 973 1715 1091 1804; x_wconf 86' lang='lat' dir='ltr'>multis</span> <span class='ocrx_word' id='word_1_106' title='bbox 1117 1713 1254 1787; x_wconf 92' lang='lat' dir='ltr'>dnobus</span> <span class='ocrx_word' id='word_1_107' title='bbox 1281 1712 1391 1785; x_wconf 92' lang='lat' dir='ltr'>modis</span> 
     </span>
     <span class='ocr_line' id='line_1_15' title="bbox 232 1813 1391 1914; baseline -0.003 -25"><span class='ocrx_word' id='word_1_108' title='bbox 232 1817 314 1890; x_wconf 78' lang='lat' dir='ltr'>tic</span> <span class='ocrx_word' id='word_1_109' title='bbox 346 1813 602 1911; x_wconf 92' lang='lat' dir='ltr'>dupondius</span> <span class='ocrx_word' id='word_1_110' title='bbox 634 1826 670 1886; x_wconf 84' lang='lat' dir='ltr'>et</span> <span class='ocrx_word' id='word_1_111' title='bbox 701 1814 769 1887; x_wconf 86' lang='lat' dir='ltr'>lroc</span> <span class='ocrx_word' id='word_1_112' title='bbox 802 1815 1099 1913; x_wconf 77' lang='lat' dir='ltr'>dupondium,</span> <span class='ocrx_word' id='word_1_113' title='bbox 1134 1827 1176 1887; x_wconf 91' lang='lat' dir='ltr'>ut</span> <span class='ocrx_word' id='word_1_114' title='bbox 1205 1815 1275 1887; x_wconf 89' lang='lat' dir='ltr'>hoc</span> <span class='ocrx_word' id='word_1_115' title='bbox 1308 1815 1391 1914; x_wconf 79' lang='lat' dir='ltr'>gla-</span> 
     </span>
     <span class='ocr_line' id='line_1_16' title="bbox 254 1913 1390 2014; baseline -0.003 -23"><span class='ocrx_word' id='word_1_116' title='bbox 254 1919 374 1992; x_wconf 94' lang='lat' dir='ltr'>dium</span> <span class='ocrx_word' id='word_1_117' title='bbox 405 1926 440 1988; x_wconf 91' lang='lat' dir='ltr'>et</span> <span class='ocrx_word' id='word_1_118' title='bbox 471 1915 529 1987; x_wconf 93' lang='lat' dir='ltr'>hic</span> <span class='ocrx_word' id='word_1_119' title='bbox 562 1913 767 2014; x_wconf 76' lang='lat' dir='ltr'>gladius3</span> <span class='ocrx_word' id='word_1_120' title='bbox 821 1915 866 1988; x_wconf 90' lang='lat' dir='ltr'>ab</span> <span class='ocrx_word' id='word_1_121' title='bbox 897 1918 1066 1990; x_wconf 90' lang='lat' dir='ltr'>tressihns</span> <span class='ocrx_word' id='word_1_122' title='bbox 1091 1919 1204 1989; x_wconf 81' lang='lat' dir='ltr'>virilia</span> <span class='ocrx_word' id='word_1_123' title='bbox 1238 1918 1390 1989; x_wconf 87' lang='lat' dir='ltr'>multitu·</span> 
     </span>
     <span class='ocr_line' id='line_1_17' title="bbox 256 2016 1389 2117; baseline -0.002 -25"><span class='ocrx_word' id='word_1_124' title='bbox 256 2020 346 2092; x_wconf 91' lang='lat' dir='ltr'>dinis</span> <span class='ocrx_word' id='word_1_125' title='bbox 368 2017 408 2090; x_wconf 91' lang='lat' dir='ltr'>hi</span> <span class='ocrx_word' id='word_1_126' title='bbox 430 2027 604 2090; x_wconf 87' lang='lat' dir='ltr'>tresses</span> <span class='ocrx_word' id='word_1_127' title='bbox 636 2030 670 2091; x_wconf 91' lang='lat' dir='ltr'>et</span> <span class='ocrx_word' id='word_1_128' title='bbox 694 2016 750 2090; x_wconf 90' lang='lat' dir='ltr'>his</span> <span class='ocrx_word' id='word_1_129' title='bbox 773 2019 1025 2112; x_wconf 62' lang='lat' dir='ltr'>messibus,</span> <span class='ocrx_word' id='word_1_130' title='bbox 1063 2045 1143 2091; x_wconf 92' lang='lat' dir='ltr'>cum</span> <span class='ocrx_word' id='word_1_131' title='bbox 1168 2019 1249 2092; x_wconf 83' lang='lat' dir='ltr'>siet*</span> <span class='ocrx_word' id='word_1_132' title='bbox 1274 2022 1389 2117; x_wconf 75' lang='lat' dir='ltr'>singn-</span> 
     </span>
     <span class='ocr_line' id='line_1_18' title="bbox 254 2117 1388 2214; baseline -0.002 -21"><span class='ocrx_word' id='word_1_133' title='bbox 254 2122 328 2193; x_wconf 85' lang='lat' dir='ltr'>lare</span> <span class='ocrx_word' id='word_1_134' title='bbox 358 2117 417 2190; x_wconf 93' lang='lat' dir='ltr'>hic</span> <span class='ocrx_word' id='word_1_135' title='bbox 451 2121 615 2191; x_wconf 85' lang='lat' dir='ltr'>tressis</span> <span class='ocrx_word' id='word_1_136' title='bbox 649 2130 684 2191; x_wconf 94' lang='lat' dir='ltr'>et</span> <span class='ocrx_word' id='word_1_137' title='bbox 708 2119 751 2191; x_wconf 90' lang='lat' dir='ltr'>ab</span> <span class='ocrx_word' id='word_1_138' title='bbox 784 2146 824 2193; x_wconf 93' lang='lat' dir='ltr'>eo</span> <span class='ocrx_word' id='word_1_139' title='bbox 847 2119 916 2193; x_wconf 92' lang='lat' dir='ltr'>hoc</span> <span class='ocrx_word' id='word_1_140' title='bbox 941 2124 1103 2214; x_wconf 79' lang='lat' dir='ltr'>tressi,</span> <span class='ocrx_word' id='word_1_141' title='bbox 1139 2132 1174 2196; x_wconf 89' lang='lat' dir='ltr'>et</span> <span class='ocrx_word' id='word_1_142' title='bbox 1200 2147 1282 2193; x_wconf 92' lang='lat' dir='ltr'>cum</span> <span class='ocrx_word' id='word_1_143' title='bbox 1314 2121 1388 2192; x_wconf 85' lang='lat' dir='ltr'>siet*</span> 
     </span>
     <span class='ocr_line' id='line_1_19' title="bbox 255 2219 1390 2320; baseline -0.002 -25"><span class='ocrx_word' id='word_1_144' title='bbox 255 2225 308 2295; x_wconf 90' lang='lat' dir='ltr'>sic</span> <span class='ocrx_word' id='word_1_145' title='bbox 342 2219 505 2320; x_wconf 87' lang='lat' dir='ltr'>deinceps</span> <span class='ocrx_word' id='word_1_146' title='bbox 541 2220 586 2291; x_wconf 87' lang='lat' dir='ltr'>ad</span> <span class='ocrx_word' id='word_1_147' title='bbox 619 2223 804 2294; x_wconf 88' lang='lat' dir='ltr'>centussis.</span> <span class='ocrx_word' id='word_1_148' title='bbox 858 2223 1009 2296; x_wconf 88' lang='lat' dir='ltr'>&#39;Deinde</span> <span class='ocrx_word' id='word_1_149' title='bbox 1042 2221 1207 2296; x_wconf 82' lang='lat' dir='ltr'>numerus</span> <span class='ocrx_word' id='word_1_150' title='bbox 1233 2241 1295 2295; x_wconf 86' lang='lat' dir='ltr'>aes</span> <span class='ocrx_word' id='word_1_151' title='bbox 1325 2249 1390 2294; x_wconf 94' lang='lat' dir='ltr'>non</span> 
     </span>
     <span class='ocr_line' id='line_1_20' title="bbox 258 2320 1388 2425; baseline 0 -30"><span class='ocrx_word' id='word_1_152' title='bbox 258 2321 445 2423; x_wconf 74' lang='lat' dir='ltr'>significat.</span> <span class='ocrx_word' id='word_1_153' title='bbox 615 2320 684 2394; x_wconf 78' lang='grc'>82.</span> <span class='ocrx_word' id='word_1_154' title='bbox 723 2323 870 2398; x_wconf 86' lang='lat' dir='ltr'>Numeri</span> <span class='ocrx_word' id='word_1_155' title='bbox 902 2327 963 2423; x_wconf 87' lang='lat' dir='ltr'>qui</span> <span class='ocrx_word' id='word_1_156' title='bbox 993 2352 1051 2398; x_wconf 87' lang='lat' dir='ltr'>aes</span> <span class='ocrx_word' id='word_1_157' title='bbox 1076 2351 1147 2398; x_wconf 91' lang='lat' dir='ltr'>non</span> <span class='ocrx_word' id='word_1_158' title='bbox 1180 2324 1388 2425; x_wconf 77' lang='lat' dir='ltr'>significant,</span> 
     </span>
     <span class='ocr_line' id='line_1_21' title="bbox 257 2414 1388 2525; baseline -0.001 -27"><span class='ocrx_word' id='word_1_159' title='bbox 257 2414 368 2524; x_wconf 82' lang='lat' dir='ltr'>usque</span> <span class='ocrx_word' id='word_1_160' title='bbox 402 2450 423 2496; x_wconf 88' lang='lat' dir='ltr'>a</span> <span class='ocrx_word' id='word_1_161' title='bbox 454 2435 603 2522; x_wconf 89' lang='lat' dir='ltr'>quatuor</span> <span class='ocrx_word' id='word_1_162' title='bbox 634 2425 680 2497; x_wconf 86' lang='lat' dir='ltr'>ad</span> <span class='ocrx_word' id='word_1_163' title='bbox 714 2437 872 2520; x_wconf 83' lang='lat' dir='ltr'>centum,</span> <span class='ocrx_word' id='word_1_164' title='bbox 911 2428 1057 2525; x_wconf 89' lang='lat' dir='ltr'>triplicis</span> <span class='ocrx_word' id='word_1_165' title='bbox 1088 2422 1218 2500; x_wconf 86' lang='lat' dir='ltr'>hahent</span> <span class='ocrx_word' id='word_1_166' title='bbox 1249 2427 1388 2516; x_wconf 82' lang='lat' dir='ltr'>formas,</span> 
     </span>
     <span class='ocr_line' id='line_1_22' title="bbox 258 2524 1391 2626; baseline 0 -27"><span class='ocrx_word' id='word_1_167' title='bbox 258 2527 353 2626; x_wconf 91' lang='lat' dir='ltr'>quod</span> <span class='ocrx_word' id='word_1_168' title='bbox 378 2525 542 2598; x_wconf 91' lang='lat' dir='ltr'>dicuntur</span> <span class='ocrx_word' id='word_1_169' title='bbox 572 2524 610 2596; x_wconf 89' lang='lat' dir='ltr'>hi</span> <span class='ocrx_word' id='word_1_170' title='bbox 641 2538 856 2622; x_wconf 77' lang='lat' dir='ltr'>quatuor,</span> <span class='ocrx_word' id='word_1_171' title='bbox 890 2527 956 2600; x_wconf 87' lang='lat' dir='ltr'>hae</span> <span class='ocrx_word' id='word_1_172' title='bbox 985 2541 1155 2626; x_wconf 78' lang='lat' dir='ltr'>quatuor,</span> <span class='ocrx_word' id='word_1_173' title='bbox 1196 2528 1284 2601; x_wconf 86' lang='lat' dir='ltr'>lraec</span> <span class='ocrx_word' id='word_1_174' title='bbox 1310 2555 1391 2626; x_wconf 90' lang='lat' dir='ltr'>qna·</span> 
     </span>
     <span class='ocr_line' id='line_1_23' title="bbox 258 2629 1392 2730; baseline 0.004 -30"><span class='ocrx_word' id='word_1_175' title='bbox 258 2639 360 2722; x_wconf 81' lang='lat' dir='ltr'>tuor3</span> <span class='ocrx_word' id='word_1_176' title='bbox 389 2653 494 2725; x_wconf 90' lang='lat' dir='ltr'>quom</span> <span class='ocrx_word' id='word_1_177' title='bbox 517 2640 720 2725; x_wconf 86' lang='lat' dir='ltr'>perventum</span> <span class='ocrx_word' id='word_1_178' title='bbox 740 2640 792 2703; x_wconf 91' lang='lat' dir='ltr'>est</span> <span class='ocrx_word' id='word_1_179' title='bbox 812 2629 857 2702; x_wconf 90' lang='lat' dir='ltr'>ad</span> <span class='ocrx_word' id='word_1_180' title='bbox 879 2630 1082 2723; x_wconf 87' lang='lat' dir='ltr'>miliarium,</span> <span class='ocrx_word' id='word_1_181' title='bbox 1109 2633 1253 2712; x_wconf 78' lang='lat' dir='ltr'>assumit</span> <span class='ocrx_word' id='word_1_182' title='bbox 1274 2633 1392 2730; x_wconf 78' lang='lat' dir='ltr'>singu·</span> 
     </span>
     <span class='ocr_line' id='line_1_24' title="bbox 200 2728 1394 2828; baseline 0 -26"><span class='ocrx_word' id='word_1_183' title='bbox 200 2752 250 2828; x_wconf 59' lang='lat' dir='ltr'>eg}</span> <span class='ocrx_word' id='word_1_184' title='bbox 261 2728 335 2801; x_wconf 88' lang='lat' dir='ltr'>lare</span> <span class='ocrx_word' id='word_1_185' title='bbox 368 2740 549 2820; x_wconf 81' lang='lat' dir='ltr'>nentrum,</span> <span class='ocrx_word' id='word_1_186' title='bbox 587 2730 682 2827; x_wconf 88' lang='lat' dir='ltr'>quod</span> <span class='ocrx_word' id='word_1_187' title='bbox 716 2729 842 2801; x_wconf 90' lang='lat' dir='ltr'>dicitur</span> <span class='ocrx_word' id='word_1_188' title='bbox 875 2729 943 2804; x_wconf 84' lang='lat' dir='ltr'>lroc</span> <span class='ocrx_word' id='word_1_189' title='bbox 976 2731 1106 2804; x_wconf 88' lang='lat' dir='ltr'>mille</span> <span class='ocrx_word' id='word_1_190' title='bbox 1139 2733 1341 2824; x_wconf 79' lang='lat' dir='ltr'>denarium,</span> <span class='ocrx_word' id='word_1_191' title='bbox 1375 2758 1394 2802; x_wconf 90' lang='lat' dir='ltr'>a</span> 
     </span>
     <span class='ocr_line' id='line_1_25' title="bbox 260 2828 1395 2931; baseline 0.004 -29"><span class='ocrx_word' id='word_1_192' title='bbox 260 2856 331 2931; x_wconf 91' lang='lat' dir='ltr'>quo</span> <span class='ocrx_word' id='word_1_193' title='bbox 355 2828 586 2902; x_wconf 87' lang='lat' dir='ltr'>multitudinis</span> <span class='ocrx_word' id='word_1_194' title='bbox 617 2829 658 2902; x_wconf 89' lang='lat' dir='ltr'>lit</span> <span class='ocrx_word' id='word_1_195' title='bbox 689 2831 817 2902; x_wconf 89' lang='lat' dir='ltr'>milia</span> <span class='ocrx_word' id='word_1_196' title='bbox 845 2829 998 2908; x_wconf 80' lang='lat' dir='ltr'>denaria.</span> <span class='ocrx_word' id='word_1_197' title='bbox 1168 2832 1237 2908; x_wconf 79' lang='lat'>85.</span> <span class='ocrx_word' id='word_1_198' title='bbox 1275 2833 1395 2926; x_wconf 79' lang='lat' dir='ltr'>Quare</span> 
     </span>
    </p>
   </div>
   <div class='ocr_carea' id='block_1_6' title="bbox 162 2995 1396 3246">
    <p class='ocr_par' dir='ltr' id='par_1_6' title="bbox 162 2995 1396 3246">
     <span class='ocr_line' id='line_1_26' title="bbox 256 2995 1395 3107; baseline 0.001 -17"><span class='ocrx_word' id='word_1_199' title='bbox 256 3031 380 3090; x_wconf 79' lang='lat' dir='ltr'>incidisse</span> <span class='ocrx_word' id='word_1_200' title='bbox 397 3035 524 3107; x_wconf 83' lang='lat' dir='ltr'>inpriore</span> <span class='ocrx_word' id='word_1_201' title='bbox 536 3032 637 3086; x_wconf 86' lang='lat' dir='ltr'>nummi</span> <span class='ocrx_word' id='word_1_202' title='bbox 646 3032 708 3101; x_wconf 83' lang='lat' dir='ltr'>fici,</span> <span class='ocrx_word' id='word_1_203' title='bbox 720 3040 752 3088; x_wconf 89' lang='lat' dir='ltr'>nt</span> <span class='ocrx_word' id='word_1_204' title='bbox 767 3051 846 3105; x_wconf 85' lang='lat' dir='ltr'>saepe</span> <span class='ocrx_word' id='word_1_205' title='bbox 863 2995 1094 3094; x_wconf 67' lang='lat' dir='ltr'>sternumento.</span> <span class='ocrx_word' id='word_1_206' title='bbox 1181 3039 1290 3090; x_wconf 82' lang='lat' dir='ltr'>*monus</span> <span class='ocrx_word' id='word_1_207' title='bbox 1297 3057 1308 3098; x_wconf 89' lang='lat'>‚·</span> <span class='ocrx_word' id='word_1_208' title='bbox 1327 3038 1395 3104; x_wconf 63' lang='lat' dir='ltr'>ned]</span> 
     </span>
     <span class='ocr_line' id='line_1_27' title="bbox 162 3107 1396 3246; baseline 0.013 -101"><span class='ocrx_word' id='word_1_209' title='bbox 162 3139 163 3145; x_wconf 71' lang='grc'>,</span> <span class='ocrx_word' id='word_1_210' title='bbox 256 3107 513 3246; x_wconf 47' lang='lat' dir='ltr'>fflaeilssffim</span> <span class='ocrx_word' id='word_1_211' title='bbox 530 3107 682 3176; x_wconf 84' lang='lat' dir='ltr'>Spengelio.</span> <span class='ocrx_word' id='word_1_212' title='bbox 709 3123 762 3160; x_wconf 87' lang='lat' dir='ltr'>om.</span> <span class='ocrx_word' id='word_1_213' title='bbox 780 3108 976 3182; x_wconf 68' lang='lat' dir='ltr'>codd.‚neque</span> <span class='ocrx_word' id='word_1_214' title='bbox 993 3127 1037 3206; x_wconf 79' lang='lat' dir='ltr'>vg.</span> <span class='ocrx_word' id='word_1_215' title='bbox 1167 3109 1244 3175; x_wconf 82' lang='lat' dir='ltr'>dicit]</span> <span class='ocrx_word' id='word_1_216' title='bbox 1264 3127 1308 3177; x_wconf 79' lang='lat' dir='ltr'>vg.</span> <span class='ocrx_word' id='word_1_217' title='bbox 1346 3109 1396 3161; x_wconf 80' lang='lat' dir='ltr'>dici</span> 
     </span>
    </p>
   </div>
   <div class='ocr_carea' id='block_1_7' title="bbox 256 3271 1395 3854">
    <p class='ocr_par' dir='ltr' id='par_1_7' title="bbox 256 3271 1395 3854">
     <span class='ocr_line' id='line_1_28' title="bbox 370 3271 1395 3359; baseline 0.006 -23"><span class='ocrx_word' id='word_1_218' title='bbox 370 3271 424 3336; x_wconf 85' lang='grc'>81.</span> <span class='ocrx_word' id='word_1_219' title='bbox 451 3282 593 3356; x_wconf 71' lang='lat' dir='ltr'>anazogu]</span> <span class='ocrx_word' id='word_1_220' title='bbox 610 3302 653 3354; x_wconf 75' lang='lat' dir='ltr'>vg.</span> <span class='ocrx_word' id='word_1_221' title='bbox 690 3285 720 3338; x_wconf 67' lang='lat' dir='ltr'>a.</span> <span class='ocrx_word' id='word_1_222' title='bbox 737 3285 865 3359; x_wconf 73' lang='lat' dir='ltr'>analogia</span> <span class='ocrx_word' id='word_1_223' title='bbox 883 3287 958 3340; x_wconf 73' lang='lat' dir='ltr'>cosa.</span> <span class='ocrx_word' id='word_1_224' title='bbox 1071 3287 1207 3354; x_wconf 70' lang='lat' dir='ltr'>ructuas]</span> <span class='ocrx_word' id='word_1_225' title='bbox 1224 3287 1321 3343; x_wconf 74' lang='lat' dir='ltr'>nactur</span> <span class='ocrx_word' id='word_1_226' title='bbox 1338 3292 1395 3343; x_wconf 74' lang='lat' dir='ltr'>rer-</span> 
     </span>
     <span class='ocr_line' id='line_1_29' title="bbox 257 3356 1395 3426; baseline 0.002 -17"><span class='ocrx_word' id='word_1_227' title='bbox 257 3357 333 3424; x_wconf 85' lang='lat' dir='ltr'>qniae</span> <span class='ocrx_word' id='word_1_228' title='bbox 353 3356 394 3410; x_wconf 89' lang='lat' dir='ltr'>ed.</span> <span class='ocrx_word' id='word_1_229' title='bbox 412 3357 457 3410; x_wconf 82' lang='lat' dir='ltr'>Fr.</span> <span class='ocrx_word' id='word_1_230' title='bbox 474 3356 563 3409; x_wconf 87' lang='lat' dir='ltr'>Donsa</span> <span class='ocrx_word' id='word_1_231' title='bbox 587 3376 612 3426; x_wconf 90' lang='lat' dir='ltr'>p.</span> <span class='ocrx_word' id='word_1_232' title='bbox 624 3363 673 3423; x_wconf 81' lang='lat'>90,</span> <span class='ocrx_word' id='word_1_233' title='bbox 692 3363 717 3412; x_wconf 87' lang='lat'>6.</span> <span class='ocrx_word' id='word_1_234' title='bbox 851 3357 990 3424; x_wconf 75' lang='lat' dir='ltr'>decussi⁸]</span> <span class='ocrx_word' id='word_1_235' title='bbox 1009 3360 1077 3412; x_wconf 87' lang='lat' dir='ltr'>coni.</span> <span class='ocrx_word' id='word_1_236' title='bbox 1113 3359 1204 3414; x_wconf 85' lang='lat' dir='ltr'>decuis</span> <span class='ocrx_word' id='word_1_237' title='bbox 1221 3361 1268 3412; x_wconf 87' lang='lat' dir='ltr'>Fa.</span> <span class='ocrx_word' id='word_1_238' title='bbox 1308 3361 1395 3412; x_wconf 83' lang='lat' dir='ltr'>decius</span> 
     </span>
     <span class='ocr_line' id='line_1_30' title="bbox 257 3426 1394 3498; baseline 0.003 -16"><span class='ocrx_word' id='word_1_239' title='bbox 257 3429 320 3482; x_wconf 87' lang='lat' dir='ltr'>GH.</span> <span class='ocrx_word' id='word_1_240' title='bbox 416 3426 580 3495; x_wconf 74' lang='lat' dir='ltr'>decessibus]</span> <span class='ocrx_word' id='word_1_241' title='bbox 593 3431 627 3482; x_wconf 86' lang='lat' dir='ltr'>G.</span> <span class='ocrx_word' id='word_1_242' title='bbox 664 3426 802 3480; x_wconf 85' lang='lat' dir='ltr'>decusibus</span> <span class='ocrx_word' id='word_1_243' title='bbox 816 3429 890 3482; x_wconf 85' lang='lat' dir='ltr'>FHa.</span> <span class='ocrx_word' id='word_1_244' title='bbox 927 3429 1045 3480; x_wconf 87' lang='lat' dir='ltr'>decussis</span> <span class='ocrx_word' id='word_1_245' title='bbox 1055 3447 1098 3498; x_wconf 81' lang='lat' dir='ltr'>vg.</span> <span class='ocrx_word' id='word_1_246' title='bbox 1203 3431 1301 3498; x_wconf 87' lang='lat' dir='ltr'>omnis]</span> <span class='ocrx_word' id='word_1_247' title='bbox 1320 3434 1394 3485; x_wconf 86' lang='lat' dir='ltr'>Glla.</span> 
     </span>
     <span class='ocr_line' id='line_1_31' title="bbox 257 3499 1394 3569; baseline 0.004 -17"><span class='ocrx_word' id='word_1_248' title='bbox 257 3517 346 3552; x_wconf 88' lang='lat' dir='ltr'>omnes</span> <span class='ocrx_word' id='word_1_249' title='bbox 362 3500 393 3552; x_wconf 84' lang='lat' dir='ltr'>F.</span> <span class='ocrx_word' id='word_1_250' title='bbox 552 3517 611 3552; x_wconf 86' lang='lat' dir='ltr'>cum</span> <span class='ocrx_word' id='word_1_251' title='bbox 629 3499 706 3565; x_wconf 77' lang='lat' dir='ltr'>siet*]</span> <span class='ocrx_word' id='word_1_252' title='bbox 733 3501 831 3569; x_wconf 76' lang='lat' dir='ltr'>scripsi.</span> <span class='ocrx_word' id='word_1_253' title='bbox 875 3501 979 3569; x_wconf 86' lang='lat' dir='ltr'>confido</span> <span class='ocrx_word' id='word_1_254' title='bbox 1002 3501 1078 3554; x_wconf 87' lang='lat' dir='ltr'>codd.</span> <span class='ocrx_word' id='word_1_255' title='bbox 1114 3501 1154 3554; x_wconf 80' lang='lat' dir='ltr'>CI.</span> <span class='ocrx_word' id='word_1_256' title='bbox 1173 3517 1230 3554; x_wconf 85' lang='lat' dir='ltr'>ann.</span> <span class='ocrx_word' id='word_1_257' title='bbox 1249 3503 1284 3554; x_wconf 83' lang='lat' dir='ltr'>ad</span> <span class='ocrx_word' id='word_1_258' title='bbox 1307 3507 1335 3569; x_wconf 82' lang='lat'>§.</span> <span class='ocrx_word' id='word_1_259' title='bbox 1354 3511 1394 3556; x_wconf 70' lang='lat' dir='ltr'>tl.</span> 
     </span>
     <span class='ocr_line' id='line_1_32' title="bbox 257 3566 1394 3642; baseline 0.004 -20"><span class='ocrx_word' id='word_1_260' title='bbox 257 3571 301 3622; x_wconf 84' lang='lat' dir='ltr'>lu&#39;c</span> <span class='ocrx_word' id='word_1_261' title='bbox 320 3570 414 3623; x_wconf 80' lang='lat' dir='ltr'>tressis</span> <span class='ocrx_word' id='word_1_262' title='bbox 431 3579 459 3620; x_wconf 86' lang='lat' dir='ltr'>et</span> <span class='ocrx_word' id='word_1_263' title='bbox 477 3566 512 3619; x_wconf 84' lang='lat' dir='ltr'>ab</span> <span class='ocrx_word' id='word_1_264' title='bbox 529 3587 559 3622; x_wconf 85' lang='lat' dir='ltr'>eo</span> <span class='ocrx_word' id='word_1_265' title='bbox 583 3573 633 3622; x_wconf 80' lang='lat' dir='ltr'>hoe</span> <span class='ocrx_word' id='word_1_266' title='bbox 658 3571 738 3622; x_wconf 78' lang='lat' dir='ltr'>tressi</span> <span class='ocrx_word' id='word_1_267' title='bbox 754 3580 782 3621; x_wconf 83' lang='lat' dir='ltr'>et</span> <span class='ocrx_word' id='word_1_268' title='bbox 802 3590 862 3622; x_wconf 88' lang='lat' dir='ltr'>cum</span> <span class='ocrx_word' id='word_1_269' title='bbox 878 3572 953 3639; x_wconf 78' lang='lat' dir='ltr'>siet⁸]</span> <span class='ocrx_word' id='word_1_270' title='bbox 977 3573 1083 3640; x_wconf 76' lang='lat' dir='ltr'>scripsi,</span> <span class='ocrx_word' id='word_1_271' title='bbox 1112 3589 1243 3642; x_wconf 82' lang='lat' dir='ltr'>aucupans</span> <span class='ocrx_word' id='word_1_272' title='bbox 1268 3581 1296 3626; x_wconf 88' lang='lat' dir='ltr'>et</span> <span class='ocrx_word' id='word_1_273' title='bbox 1322 3591 1394 3642; x_wconf 84' lang='lat' dir='ltr'>quarn</span> 
     </span>
     <span class='ocr_line' id='line_1_33' title="bbox 257 3642 1395 3713; baseline -0.001 -18"><span class='ocrx_word' id='word_1_274' title='bbox 257 3644 385 3696; x_wconf 78' lang='lat' dir='ltr'>artissime</span> <span class='ocrx_word' id='word_1_275' title='bbox 410 3657 528 3710; x_wconf 89' lang='lat' dir='ltr'>premens</span> <span class='ocrx_word' id='word_1_276' title='bbox 553 3643 673 3709; x_wconf 87' lang='lat' dir='ltr'>antiquae</span> <span class='ocrx_word' id='word_1_277' title='bbox 698 3643 842 3710; x_wconf 86' lang='lat' dir='ltr'>scripturae</span> <span class='ocrx_word' id='word_1_278' title='bbox 860 3646 978 3712; x_wconf 77' lang='lat' dir='ltr'>vestigia.</span> <span class='ocrx_word' id='word_1_279' title='bbox 1022 3645 1071 3694; x_wconf 81' lang='lat' dir='ltr'>hoc</span> <span class='ocrx_word' id='word_1_280' title='bbox 1090 3646 1183 3696; x_wconf 81' lang='lat' dir='ltr'>tressis</span> <span class='ocrx_word' id='word_1_281' title='bbox 1200 3642 1286 3696; x_wconf 78' lang='lat' dir='ltr'>haheo</span> <span class='ocrx_word' id='word_1_282' title='bbox 1303 3656 1333 3696; x_wconf 86' lang='lat' dir='ltr'>et</span> <span class='ocrx_word' id='word_1_283' title='bbox 1353 3647 1395 3713; x_wconf 83' lang='lat' dir='ltr'>(ut</span> 
     </span>
     <span class='ocr_line' id='line_1_34' title="bbox 256 3711 1395 3788; baseline 0.003 -22"><span class='ocrx_word' id='word_1_284' title='bbox 256 3713 307 3780; x_wconf 88' lang='lat' dir='ltr'>H.)</span> <span class='ocrx_word' id='word_1_285' title='bbox 327 3714 376 3764; x_wconf 78' lang='lat' dir='ltr'>hoe</span> <span class='ocrx_word' id='word_1_286' title='bbox 393 3713 484 3764; x_wconf 83' lang='lat' dir='ltr'>tressis</span> <span class='ocrx_word' id='word_1_287' title='bbox 503 3711 598 3776; x_wconf 86' lang='lat' dir='ltr'>(tresis</span> <span class='ocrx_word' id='word_1_288' title='bbox 615 3714 661 3781; x_wconf 89' lang='lat' dir='ltr'>F.)</span> <span class='ocrx_word' id='word_1_289' title='bbox 682 3713 786 3780; x_wconf 86' lang='lat' dir='ltr'>confido</span> <span class='ocrx_word' id='word_1_290' title='bbox 803 3713 879 3768; x_wconf 89' lang='lat' dir='ltr'>codd.</span> <span class='ocrx_word' id='word_1_291' title='bbox 993 3714 1144 3786; x_wconf 60' lang='lat' dir='ltr'>significat]</span> <span class='ocrx_word' id='word_1_292' title='bbox 1158 3732 1201 3784; x_wconf 82' lang='lat' dir='ltr'>vg.</span> <span class='ocrx_word' id='word_1_293' title='bbox 1237 3715 1395 3788; x_wconf 54' lang='lat' dir='ltr'>significans</span> 
     </span>
     <span class='ocr_line' id='line_1_35' title="bbox 256 3783 732 3854; baseline -0.002 -16"><span class='ocrx_word' id='word_1_294' title='bbox 256 3783 333 3838; x_wconf 85' lang='lat' dir='ltr'>codd.</span> <span class='ocrx_word' id='word_1_295' title='bbox 368 3785 466 3838; x_wconf 79' lang='lat' dir='ltr'>Postea</span> <span class='ocrx_word' id='word_1_296' title='bbox 482 3785 559 3852; x_wconf 89' lang='lat' dir='ltr'>plene</span> <span class='ocrx_word' id='word_1_297' title='bbox 577 3786 732 3854; x_wconf 86' lang='lat' dir='ltr'>interpunxi.</span> 
     </span>
    </p>
   </div>
   <div class='ocr_carea' id='block_1_8' title="bbox 255 3883 1396 4401">
    <p class='ocr_par' dir='ltr' id='par_1_8' title="bbox 255 3883 1396 4401">
     <span class='ocr_line' id='line_1_36' title="bbox 368 3883 1396 3970; baseline 0.008 -22"><span class='ocrx_word' id='word_1_298' title='bbox 368 3883 422 3948; x_wconf 81' lang='grc'>82.</span> <span class='ocrx_word' id='word_1_299' title='bbox 449 3897 606 3968; x_wconf 77' lang='lat' dir='ltr'>miliarium]</span> <span class='ocrx_word' id='word_1_300' title='bbox 626 3902 693 3954; x_wconf 91' lang='lat' dir='ltr'>coni.</span> <span class='ocrx_word' id='word_1_301' title='bbox 712 3901 814 3968; x_wconf 86' lang='lat' dir='ltr'>scripsi.</span> <span class='ocrx_word' id='word_1_302' title='bbox 860 3898 932 3950; x_wconf 81' lang='lat' dir='ltr'>mille</span> <span class='ocrx_word' id='word_1_303' title='bbox 951 3910 1080 3970; x_wconf 81' lang='lat' dir='ltr'>quartum</span> <span class='ocrx_word' id='word_1_304' title='bbox 1104 3901 1180 3955; x_wconf 88' lang='lat' dir='ltr'>codd.</span> <span class='ocrx_word' id='word_1_305' title='bbox 1226 3904 1309 3957; x_wconf 87' lang='lat' dir='ltr'>Dea.</span> <span class='ocrx_word' id='word_1_306' title='bbox 1337 3905 1396 3958; x_wconf 90' lang='lat' dir='ltr'>nihil</span> 
     </span>
     <span class='ocr_line' id='line_1_37' title="bbox 258 3969 1396 4042; baseline 0.004 -20"><span class='ocrx_word' id='word_1_307' title='bbox 258 3975 424 4024; x_wconf 78' lang='lat' dir='ltr'>memoretur.</span> <span class='ocrx_word' id='word_1_308' title='bbox 461 3969 639 4022; x_wconf 80' lang='lat' dir='ltr'>millenarium</span> <span class='ocrx_word' id='word_1_309' title='bbox 658 3972 806 4041; x_wconf 86' lang='lat' dir='ltr'>Scioppius.</span> <span class='ocrx_word' id='word_1_310' title='bbox 841 3971 883 4023; x_wconf 79' lang='lat' dir='ltr'>cf.</span> <span class='ocrx_word' id='word_1_311' title='bbox 903 3975 928 4036; x_wconf 74' lang='lat'>§-</span> <span class='ocrx_word' id='word_1_312' title='bbox 941 3975 987 4025; x_wconf 79' lang='grc'>85.</span> <span class='ocrx_word' id='word_1_313' title='bbox 1101 3973 1174 4024; x_wconf 87' lang='lat' dir='ltr'>mille</span> <span class='ocrx_word' id='word_1_314' title='bbox 1192 3973 1347 4042; x_wconf 83' lang='lat' dir='ltr'>denarium]</span> <span class='ocrx_word' id='word_1_315' title='bbox 1366 3977 1396 4029; x_wconf 84' lang='lat' dir='ltr'>cl.</span> 
     </span>
     <span class='ocr_line' id='line_1_38' title="bbox 257 4040 1396 4110; baseline 0.005 -18"><span class='ocrx_word' id='word_1_316' title='bbox 257 4041 336 4105; x_wconf 84' lang='lat' dir='ltr'>VIII,</span> <span class='ocrx_word' id='word_1_317' title='bbox 354 4046 397 4093; x_wconf 87' lang='grc'>91.</span> <span class='ocrx_word' id='word_1_318' title='bbox 510 4041 597 4107; x_wconf 82' lang='lat' dir='ltr'>milia]</span> <span class='ocrx_word' id='word_1_319' title='bbox 616 4045 715 4110; x_wconf 84' lang='lat' dir='ltr'>scripsi.</span> <span class='ocrx_word' id='word_1_320' title='bbox 752 4042 824 4094; x_wconf 87' lang='lat' dir='ltr'>mille</span> <span class='ocrx_word' id='word_1_321' title='bbox 841 4042 917 4093; x_wconf 84' lang='lat' dir='ltr'>milio</span> <span class='ocrx_word' id='word_1_322' title='bbox 933 4044 969 4095; x_wconf 81' lang='lat' dir='ltr'>G.</span> <span class='ocrx_word' id='word_1_323' title='bbox 1009 4040 1095 4092; x_wconf 85' lang='lat' dir='ltr'>millio</span> <span class='ocrx_word' id='word_1_324' title='bbox 1114 4052 1176 4099; x_wconf 90' lang='lat' dir='ltr'>cett.</span> <span class='ocrx_word' id='word_1_325' title='bbox 1204 4047 1237 4099; x_wconf 84' lang='lat' dir='ltr'>ci.</span> <span class='ocrx_word' id='word_1_326' title='bbox 1256 4056 1347 4100; x_wconf 82' lang='lat' dir='ltr'>annot.</span> <span class='ocrx_word' id='word_1_327' title='bbox 1365 4047 1396 4100; x_wconf 77' lang='lat' dir='ltr'>ed</span> 
     </span>
     <span class='ocr_line' id='line_1_39' title="bbox 256 4111 1396 4188; baseline 0.007 -26"><span class='ocrx_word' id='word_1_328' title='bbox 256 4111 370 4175; x_wconf 81' lang='lat' dir='ltr'>v1‚3c.</span> <span class='ocrx_word' id='word_1_329' title='bbox 414 4111 456 4164; x_wconf 83' lang='lat' dir='ltr'>Ex</span> <span class='ocrx_word' id='word_1_330' title='bbox 474 4120 615 4182; x_wconf 88' lang='lat' dir='ltr'>praecepto</span> <span class='ocrx_word' id='word_1_331' title='bbox 633 4115 711 4167; x_wconf 88' lang='lat' dir='ltr'>Pliuii</span> <span class='ocrx_word' id='word_1_332' title='bbox 735 4116 814 4168; x_wconf 86' lang='lat' dir='ltr'>scribi</span> <span class='ocrx_word' id='word_1_333' title='bbox 838 4113 924 4177; x_wconf 85' lang='lat' dir='ltr'>mille,</span> <span class='ocrx_word' id='word_1_334' title='bbox 943 4113 1000 4166; x_wconf 58' lang='lat' dir='ltr'>&gt;sed</span> <span class='ocrx_word' id='word_1_335' title='bbox 1028 4113 1118 4172; x_wconf 74' lang='lat' dir='ltr'>milio,</span> <span class='ocrx_word' id='word_1_336' title='bbox 1149 4117 1225 4170; x_wconf 87' lang='lat' dir='ltr'>docet</span> <span class='ocrx_word' id='word_1_337' title='bbox 1250 4119 1396 4188; x_wconf 84' lang='lat' dir='ltr'>Pompeius</span> 
     </span>
     <span class='ocr_line' id='line_1_40' title="bbox 256 4183 1395 4252; baseline 0.008 -20"><span class='ocrx_word' id='word_1_338' title='bbox 256 4195 349 4237; x_wconf 83' lang='lat' dir='ltr'>comm.</span> <span class='ocrx_word' id='word_1_339' title='bbox 374 4183 437 4234; x_wconf 84' lang='lat' dir='ltr'>artis</span> <span class='ocrx_word' id='word_1_340' title='bbox 463 4183 559 4236; x_wconf 80' lang='lat' dir='ltr'>Donati</span> <span class='ocrx_word' id='word_1_341' title='bbox 586 4203 612 4252; x_wconf 93' lang='lat' dir='ltr'>p.</span> <span class='ocrx_word' id='word_1_342' title='bbox 632 4189 695 4238; x_wconf 74' lang='lat' dir='ltr'>lta.</span> <span class='ocrx_word' id='word_1_343' title='bbox 713 4190 776 4239; x_wconf 71' lang='lat'>202.</span> <span class='ocrx_word' id='word_1_344' title='bbox 801 4185 935 4250; x_wconf 89' lang='lat' dir='ltr'>Lindem.‚</span> <span class='ocrx_word' id='word_1_345' title='bbox 962 4199 1040 4252; x_wconf 84' lang='lat' dir='ltr'>onem</span> <span class='ocrx_word' id='word_1_346' title='bbox 1063 4192 1158 4241; x_wconf 87' lang='lat' dir='ltr'>testem</span> <span class='ocrx_word' id='word_1_347' title='bbox 1182 4187 1243 4240; x_wconf 87' lang='lat' dir='ltr'>milri</span> <span class='ocrx_word' id='word_1_348' title='bbox 1272 4191 1395 4244; x_wconf 81' lang='lat' dir='ltr'>indicarit</span> 
     </span>
     <span class='ocr_line' id='line_1_41' title="bbox 256 4251 1392 4324; baseline 0.006 -18"><span class='ocrx_word' id='word_1_349' title='bbox 256 4251 508 4316; x_wconf 66' lang='lat' dir='ltr'>prosumnus,</span> <span class='ocrx_word' id='word_1_350' title='bbox 538 4263 674 4322; x_wconf 84' lang='lat' dir='ltr'>postquem</span> <span class='ocrx_word' id='word_1_351' title='bbox 697 4257 781 4324; x_wconf 88' lang='lat' dir='ltr'>ipsam</span> <span class='ocrx_word' id='word_1_352' title='bbox 798 4273 854 4309; x_wconf 90' lang='lat' dir='ltr'>rem</span> <span class='ocrx_word' id='word_1_353' title='bbox 872 4272 905 4308; x_wconf 85' lang='lat' dir='ltr'>ex</span> <span class='ocrx_word' id='word_1_354' title='bbox 923 4257 999 4310; x_wconf 82' lang='lat' dir='ltr'>codd.</span> <span class='ocrx_word' id='word_1_355' title='bbox 1019 4258 1142 4311; x_wconf 83' lang='lat' dir='ltr'>Varronis</span> <span class='ocrx_word' id='word_1_356' title='bbox 1165 4260 1314 4313; x_wconf 86' lang='lat' dir='ltr'>didiceram.</span> <span class='ocrx_word' id='word_1_357' title='bbox 1354 4261 1392 4312; x_wconf 81' lang='lat' dir='ltr'>ct.</span> 
     </span>
     <span class='ocr_line' id='line_1_42' title="bbox 255 4323 1391 4401; baseline 0.007 -25"><span class='ocrx_word' id='word_1_358' title='bbox 255 4323 410 4390; x_wconf 76' lang='lat' dir='ltr'>Heusinger.</span> <span class='ocrx_word' id='word_1_359' title='bbox 428 4323 462 4375; x_wconf 80' lang='lat' dir='ltr'>ed</span> <span class='ocrx_word' id='word_1_360' title='bbox 480 4323 543 4376; x_wconf 72' lang='lat' dir='ltr'>Cic:</span> <span class='ocrx_word' id='word_1_361' title='bbox 554 4326 588 4377; x_wconf 89' lang='lat' dir='ltr'>de</span> <span class='ocrx_word' id='word_1_362' title='bbox 606 4327 674 4380; x_wconf 73' lang='lat' dir='ltr'>offic.</span> <span class='ocrx_word' id='word_1_363' title='bbox 689 4327 730 4394; x_wconf 91' lang='lat' dir='ltr'>Il,</span> <span class='ocrx_word' id='word_1_364' title='bbox 748 4333 799 4393; x_wconf 73' lang='lat'>21,</span> <span class='ocrx_word' id='word_1_365' title='bbox 817 4333 843 4381; x_wconf 82' lang='lat'>6.</span> <span class='ocrx_word' id='word_1_366' title='bbox 863 4334 891 4381; x_wconf 90' lang='lat' dir='ltr'>et</span> <span class='ocrx_word' id='word_1_367' title='bbox 906 4329 995 4382; x_wconf 87' lang='lat' dir='ltr'>Beier.</span> <span class='ocrx_word' id='word_1_368' title='bbox 1015 4329 1049 4382; x_wconf 85' lang='lat' dir='ltr'>ad</span> <span class='ocrx_word' id='word_1_369' title='bbox 1066 4331 1177 4386; x_wconf 88' lang='lat' dir='ltr'>eundem</span> <span class='ocrx_word' id='word_1_370' title='bbox 1196 4331 1229 4385; x_wconf 89' lang='grc' dir='ltr'>Τ.</span> <span class='ocrx_word' id='word_1_371' title='bbox 1240 4332 1275 4386; x_wconf 91' lang='lat'>11.</span> <span class='ocrx_word' id='word_1_372' title='bbox 1293 4350 1319 4401; x_wconf 91' lang='lat' dir='ltr'>p.</span> <span class='ocrx_word' id='word_1_373' title='bbox 1330 4337 1391 4387; x_wconf 73' lang='lat'>402.</span> 
     </span>
    </p>
   </div>
   <div class='ocr_carea' id='block_1_9' title="bbox 0 0 1439 4804">
    <p class='ocr_par' dir='ltr' id='par_1_9' title="bbox 0 0 1439 4804">
     <span class='ocr_line' id='line_1_43' title="bbox 0 0 1439 4804; baseline 0 0"><span class='ocrx_word' id='word_1_374' title='bbox 0 0 1439 4804; x_wconf 95' lang='lat' dir='ltr'> </span> 
     </span>
    </p>
   </div>
  </div>
 </body>
</html>
