2890 4820
260 259 320 315 xlv
428 339 430 347 Ι
683 267 959 314 rnnnrnrro

260 427 439 507 fluminibus
474 426 606 498 lacubus
647 423 785 496 sontibus
820 428 999 496 nemoribus
1034 423 1199 518 paludibus
1228 439 1261 496 et
1293 426 1388 516 sylvis

260 511 390 596 librum;
421 512 495 581 folia
514 507 726 581 81...190u.
755 510 905 582 Varronis
926 512 969 579 de
990 513 1028 582 1..
1045 513 1083 582 la
1103 537 1186 600 quae
1208 524 1390 602 supersunt.

260 598 408 666 Pluribus
429 597 508 664 vitiis
529 606 632 671 scatet
653 617 747 680 qnam
768 597 840 664 Vat.
861 625 894 666 a.

321 685 352 750 3.
381 683 608 752 Vaticanus
628 679 721 746 3308.
741 680 830 781 (Vnt.
844 683 906 768 pa),
928 677 1132 766 chartaceus,
1155 677 1276 750 formae
1296 690 1391 749 octo-

259 769 377 838 nariae.
427 769 465 836 Iu
485 766 604 856 pagina
624 765 725 855 prima
746 768 928 856 inscriptum
952 778 1001 836 est

426 955 638 1042 Fragmenti
657 955 696 1020 di
722 949 881 1024 Varrone
901 955 944 1022 de
966 955 1008 1024 L.
1026 953 1070 1020 L.

488 1039 589 1106 Fulv.
618 1039 695 1104 Ura.
947 1115 950 1122 ,

261 1123 341 1190 Erat
359 1123 457 1209 igitur
476 1123 557 1190 inter
576 1124 689 1206 libros,
718 1123 829 1213 quibus
850 1119 983 1190 Ursinus
1004 1123 1170 1201 utebatur,
1196 1116 1286 1208 cujus
1310 1141 1390 1186 con-

149 1214 151 1221 '
260 1209 334 1298 siliis
359 1210 390 1273 in
411 1209 554 1275 Varrone
583 1207 780 1276 emendando
808 1211 978 1276 obsecutus
1007 1219 1056 1274 est
1076 1205 1252 1356 Scioppius.
1299 1207 1391 1272 Con-

261 1295 360 1360 tinent
389 1293 461 1359 lolia
483 1297 618 1361 1...76.
645 1296 723 1362 binis
751 1295 900 1361 columnis
924 1293 1073 1359 Varronis
1100 1290 1142 1355 de
1201 1339 1208 1354 .
1229 1289 1268 1355 L.
1290 1288 1390 1357 libros

259 1377 334 1444 inde
361 1399 380 1442 a
410 1380 512 1444 verbis
540 1379 743 1444 comitatum
770 1391 901 1454 vocant,
919 1379 958 1459 V,
984 1379 1035 1444 91.
1066 1397 1168 1462 usque
1198 1375 1239 1440 ad
1269 1375 1391 1455 ultima,

260 1486 344 1550 quae
368 1474 545 1550 supersunt.
609 1464 776 1530 Consentit
802 1463 893 1530 huius
922 1462 1039 1531 codicis
1067 1464 1221 1548 scriptura
1249 1459 1391 1548 plerum-

136 1600 146 1618 .,
260 1571 322 1636 que
350 1569 422 1612 cum
443 1549 514 1614 Vat.
530 1575 580 1622 a..
609 1547 652 1614 ita
677 1561 712 1618 ut
740 1572 778 1614 ex
806 1549 920 1614 eodem
940 1550 1052 1614 codice
1072 1545 1291 1632 transscriptus
1315 1569 1392 1612 esse

260 1631 418 1698 rideatur:
451 1631 508 1696 sed
539 1632 632 1698 etiam
653 1633 768 1721 Vatp'.
797 1657 894 1722 saepe
925 1658 997 1701 cum
1026 1634 1089 1712 bis,
1126 1631 1180 1697 ubi
1209 1653 1229 1695 a
1259 1630 1390 1718 reliquis

260 1714 442 1788 discedunt,
477 1716 522 1782 ita
548 1717 722 1803 conspirat,
759 1728 793 1782 ut
820 1719 851 1782 hi
878 1731 942 1785 tres
972 1717 1113 1786 Vaticani
1145 1714 1291 1782 codicum
1323 1739 1392 1782 non

258 1800 516 1950 interpolatorum
541 1801 572 1866 in
598 1814 696 1887 gente
726 1803 884 1889 propriam
907 1803 1065 1890 quandam
1087 1802 1215 1888 stirpem
1238 1801 1391 1866 alliciant.

260 1886 316 1950 Sic
365 1885 413 1964 Il,
438 1887 464 1950 1.
494 1909 602 1952 omnes
623 1901 686 1953 tres
711 1888 829 1954 habent
848 1891 992 1973 rapina,
1024 1909 1085 1950 non
1108 1887 1222 1948 ruina.
1272 1885 1392 1974 Itaque

191 1975 196 1979 “
259 1970 312 2057 qui
336 1970 449 2036 borum
471 1970 564 2036 codd.
587 1993 681 2036 unum
704 1999 735 2038 a.
757 1970 934 2051 contulerit,
966 1993 1075 2037 omnes
1099 1968 1271 2037 contulerit.

322 2055 352 2120 4.
380 2056 734 2144 Guelferbytanus
756 2079 882 2157 quoque
898 2066 947 2121 est
968 2079 1006 2122 ex
1023 2050 1116 2121 codd.
1132 2077 1193 2119 non
1213 2053 1389 2142 interpola-

154 2134 156 2143 ’
258 2139 316 2218 tis,
344 2138 516 2206 Florentini
546 2163 607 2205 non
630 2139 801 2221 dissimilis,
832 2141 889 2206 nisi
913 2142 999 2228 quod
1023 2142 1100 2207 vitiis
1122 2138 1218 2206 multo
1242 2139 1388 2226 pluribus

234 2222 453 2312 deturpatur.
518 2225 680 2291 Interdum
713 2227 874 2314 conspirat
910 2249 981 2292 cum
1014 2224 1193 2303 Vaticanis,
1235 2227 1318 2292 siout
1352 2227 1389 2291 in

258 2309 344 2375 initio
372 2309 440 2374 libri
469 2310 556 2376 VII.:
595 2333 714 2396 repens
745 2312 873 2397 rapina
908 2312 978 2396 (cui
1006 2337 1032 2376 v.
1055 2309 1306 2399 suprascriptum
1338 2312 1390 2378 al.

253 2393 380 2478 rniaa)
409 2396 558 2480 apernit.
609 2396 804 2483 Scripturam
833 2395 1003 2462 variantem
1030 2395 1049 2460 l.
1067 2398 1102 2462 V.
1124 2394 1199 2459 initii
1221 2405 1253 2460 et
1281 2395 1389 2476 LVII,

252 2479 396 2544 1...14.
425 2501 548 2544 mecum
561 2481 816 2547 ‘communicarit
837 2481 874 2546 V.
891 2482 932 2546 D.
951 2477 1259 2557 Schneidewin,
1288 2481 1389 2546 etiam

252 2562 342 2712 plura
369 2562 451 2629 ultro
483 2563 674 2652 pollicitans,
711 2565 738 2630 si
764 2565 802 2630 iis
825 2565 935 2631 utendi
964 2579 1088 2654 tempus
1117 2575 1150 2630 et
1181 2564 1279 2630 otium
1307 2566 1390 2632 mihi

264 2648 372 2714 'uisset
880 2695 881 2698 ,
1223 2659 1226 2666 ’
1343 2695 1349 2708 .

313 2734 345 2796 5.
373 2730 721 2816 Mediolanensis,
752 2734 992 2812 Ambrosianus,
1023 2733 1092 2799 Sar.
1113 2733 1164 2800 71.
1219 2733 1388 2802 Membra-

250 2835 369 2880 naceus
385 2817 446 2896 hio,
468 2817 642 2905 quadratae
657 2820 786 2888 formae.
830 2819 980 2886 Continet
998 2817 1071 2883 folia
1086 2817 1234 2898 LXXVI,
1257 2819 1390 2905 singula

250 2899 346 2964 XXX
373 2923 527 2968 versuum.
577 2903 634 2966 En
654 2904 753 2968 libris
775 2904 905 2972 Annii.
930 2903 1062 2967 Comari
1086 2902 1202 2988 legitur
1226 2904 1257 2967 iu
1280 2907 1389 2990 prima

249 2987 376 3072 pagina.
424 2987 669 3072 Elegantissime
690 2990 824 3077 scriptus
850 3000 915 3065 est,
944 2986 1003 3051 sed
1022 2989 1202 3052 recentiore
1225 2999 1388 3076 tempore,

250 3091 288 3132 ex
320 3071 401 3135 bono
431 3084 535 3138 tamen
566 3084 598 3138 et
626 3074 753 3159 antiquo
789 3096 878 3138 exem
900 3072 957 3136 lari
993 3083 1027 3136 ut
1056 3070 1188 3137 videtur.
1249 3073 1389 3144 Graeca

249 3156 344 3218 verba
367 3155 453 3221 initio
476 3157 545 3220 libri
568 3171 719 3226 accurato
741 3159 845 3225 studio
868 3098 994 3242 dispicta
1015 3168 1104 3235 sunt,
1133 3167 1244 3245 postea
1263 3159 1389 3228 omissa

248 3249 282 3304 et
309 3238 428 3304 lacunis
456 3251 572 3305 notata.
614 3242 785 3311 Librorum
809 3243 882 3310 nulli
911 3252 983 3308 sunt
1005 3240 1133 3312 numeri.
1176 3243 1213 3307 ln
1234 3242 1271 3308 iis
1295 3267 1387 3332 quae

249 3323 408 3389 deficiunt·
430 3324 575 3390 notandis
597 3340 631 3393 et
651 3331 807 3416 scriptura
834 3351 951 3416 magna
975 3348 1045 3392 esse
1066 3325 1189 3393 videtur
1209 3327 1387 3398 similitudo

248 3408 341 3494 nujus
367 3409 437 3474 libri
463 3421 496 3476 et
517 3409 618 3476 Paris.
641 3435 668 3477 a.
695 3417 813 3481 ‘Haec
834 3417 937 3480 omnia
961 3413 1063 3476 debeo
1089 3410 1262 3477 admirabili
1286 3416 1388 3483 Blu-

202 3547 204 3556 ,
247 3495 316 3558 mii
339 3495 399 3559 naci
422 3493 610 3580 diligentiae.
654 3497 706 3562 Of.
728 3498 794 3564 Iter
814 3499 957 3565 Italicum
981 3496 1140 3585 Supplem.
1166 3520 1197 3585 p.
1209 3498 1239 3561 8.

310 3581 342 3644 6.
372 3580 636 3659 Mutinensis,
665 3604 695 3647 n.
707 3583 779 3647 212.
825 3583 1086 3648 Membranacens
1108 3592 1172 3662 est,
1201 3579 1387 3667 quadratae

249 3663 381 3730 formae.
438 3666 577 3754 Magnus
611 3667 677 3734 eins
709 3666 810 3748 nitor,
852 3666 947 3734 titulis
980 3666 1165 3744 rubricatis,
1204 3677 1238 3732 et
1268 3668 1386 3753 primis

247 3749 345 3815 literis
361 3751 488 3850 'partim
520 3751 642 3830 aureis,
680 3753 794 3838 partim
826 3750 989 3818 caeruleis.
1058 3753 1194 3816 Constat
1225 3773 1265 3816 ex
1296 3753 1385 3822 loliis

141 3859 143 3863 ·
249 3833 392 3921 quinario
428 3856 558 3902 numero
593 3837 794 3923 compositis3
833 3837 865 3900 in
897 3857 1024 3924 quoque
1049 3833 1244 3921 pagellarum
1276 3835 1386 3906 latere

248 3919 358 4004 scripti
376 3931 449 3984 sunt
470 3921 609 3987 XXXIV
636 3944 753 3987 versus.
795 3921 906 3987 Insunt
926 3921 999 4020 huic
1021 3920 1098 4020 libro
1120 3918 1268 4018 §latendo
1288 3927 1388 4009 agri.¹

248 4003 387 4083 cultura,
409 4005 511 4070 Varro
533 4006 574 4071 de
597 4007 636 4070 R.
653 4006 712 4085 lt,
736 4005 831 4073 etde
853 4006 891 4072 1..
909 4007 946 4070 L.
968 4005 1052 4081 lrbrr,
1080 4022 1134 4088 qur
1155 4010 1388 4092 aestuamus

108 4097 109 4100 ’
168 4147 171 4150 .
248 4089 320 4153 solia
339 4087 507 4176 complent.
552 4091 738 4177 Scripturas
752 4091 857 4157 similis
873 4089 1032 4174 elegantia
1050 4096 1144 4172 atque
1160 4089 1383 4177 Ambrosiani3

246 4173 345 4257 maior
375 4186 521 4242 vetustas.
571 4175 686 4262 Incipit
712 4176 807 4241 liber:
838 4177 889 4240 M.
916 4171 994 4239 'l'er.
1017 4169 1190 4237 Varronis
1213 4171 1256 4234 de
1284 4175 1382 4264 ling.

246 4260 309 4325 lat.
337 4269 371 4322 et
398 4258 441 4324 cle
466 4260 654 4346 disciplina
684 4260 863 4346 originum
894 4254 1076 4327 nardorum,
1101 4254 1150 4317 ad
1179 4253 1396 4343 Ciceronem

162 4354 186 4380 “·
246 4341 332 4414 liber
353 4353 500 4431 quartus
526 4344 693 4432 explicit.-
721 4343 849 4430 incipit
874 4342 1027 4430 quintas.
1078 4337 1385 4442 Quemadmodum
