2866 4812
446 253 638 358 §26—
588 270 726 338 -ιι
841 233 847 242 ’
966 327 969 334 .
1078 249 1172 326 ¹⁷⁷¹

34 415 248 546 περίστυλον
272 439 551 532 similitudinem,
578 451 615 514 at
639 438 839 514 cubiculum
860 438 905 512 ad
927 440 1094 537 equilez*
1107 453 1157 516 ta·
1145 473 1230 516 -ιιι

33 570 102 616 rnen
121 553 262 640 propter
280 541 489 616 utilitatem
479 569 516 614 ιιι
532 540 587 614 his
603 541 900 615 dissimilitudines
921 544 1158 640 potiusquam

34 643 263 718 similitudines
294 647 493 744 sequimur,
543 644 660 740 itaque
697 655 731 716 et
766 641 911 717 hiberna
943 642 1093 716 triclinia
1124 659 1159 718 ιι

32 749 148 818 aestiva
173 772 245 820 non
267 748 351 819 item
376 748 514 819 vulvula
538 769 580 818 ac
601 745 786 818 fenestrata
809 739 968 820 facimus.
1085 743 1156 818 50.

32 847 141 938 Quare
153 875 271 969 quom
292 860 331 920 ut
354 850 392 920 in
412 849 561 942 vestitu,
590 846 824 940 aediliciis,
795 873 847 920 ιιι
869 850 907 919 in
927 847 1156 946 supellectile,
1170 850 1221 925 to

32 948 121 1042 cibo,
159 952 351 1048 ueterisque
379 948 539 1023 omnibus
570 975 660 1048 quae
689 976 755 1022 usu
784 947 829 1020 ad
861 950 967 1022 vitam
992 960 1076 1022 sunt
1104 975 1159 1022 as·
1167 959 1217 1007 111
1295 1039 1298 1053 ,
1377 983 1382 991 ’

31 1062 181 1170 sumpta,
219 1051 415 1126 dominetur
443 1049 772 1149 inaequabilitast‘
762 1078 799 1122 ιιι
822 1076 980 1125 sermone
1004 1076 1158 1152 quoqtrc,

30 1155 91 1248 qui
107 1165 160 1226 est
181 1179 266 1227 usus
294 1179 399 1227 causa
425 1154 678 1246 constitutus,.
689 1177 730 1224 ea
755 1179 826 1226 uon
854 1151 1080 1249 repudianda.

123 1278 191 1354 51.
235 1281 342 1374 Quod
367 1287 397 1354 si
427 1284 506 1380 quis
538 1279 713 1379 duplicem
738 1291 838 1379 putat
869 1307 945 1353 esse
972 1307 1156 1376 summam,
1172 1270 1224 1348 16
1332 1367 1338 1379 ἱ

31 1383 68 1454 ad
93 1409 182 1481 quas
207 1393 315 1457 metas
340 1393 483 1457 naturae
514 1386 559 1456 sit
584 1382 856 1481 perveniendum
881 1385 918 1454 in
944 1409 1033 1474 usu,
1060 1384 1161 1456 'utili-

30 1487 100 1558 tatis
125 1497 161 1558 et
194 1485 382 1584 elegantiae
394 1513 406 1580 5
452 1486 547 1585 quod
574 1511 646 1556 nou
678 1484 792 1556 solum
823 1486 939 1556 vestiti
963 1510 1038 1573 esse
1062 1484 1223 1582 volu-fis
1262 1565 1265 1574 ¹

28 1613 96 1680 nus
131 1597 176 1658 ut
207 1589 356 1662 vitemus
385 1587 517 1686 frigus,
553 1585 743 1658 sedetiam
770 1599 809 1657 ut
842 1585 1023 1660 videamur
1047 1589 1163 1660 vestiti

27 1713 93 1762 csse
117 1689 287 1783 honeste,
330 1715 400 1762 non
426 1689 568 1762 domum
593 1686 722 1760 habere
747 1699 786 1759 nt
812 1689 921 1758 simus
947 1691 984 1760 in
1012 1699 1104 1760 tecto
1129 1700 1164 1760 ιι
1196 1685 1203 1710 ’

27 1801 93 1862 tuto
127 1789 266 1883 solum,
300 1817 370 1888 quo
402 1793 590 1865 necessitas
622 1791 850 1881 contemserit,
887 1790 949 1862 sed
973 1792 1078 1862 etiam
1102 1789 1164 1862 uhi

29 1893 186 1988 voluptas
218 1893 365 1965 retinere
402 1894 535 1990 possit,
585 1918 656 1963 non
688 1890 802 1964 solum
836 1917 919 1963 vasa
951 1891 997 1963 ad
1030 1894 1163 1966 victum

13 1991 174 2086 labilia,
211 1992 273 2064 sed
301 1995 405 2066 etiam
433 1993 547 2093 ligtma
571 1993 664 2066 bella
690 2002 793 2090 atque
819 1990 864 2063 ab
895 1993 1026 2066 artifice
1052 1991 1165 2093 (quod

28 2095 115 2167 alind
135 2095 292 2187 homini,
316 2095 412 2169 aliud
431 2095 638 2168 humanltati
658 2095 742 2166 satis
763 2104 837 2188 est3
865 2095 1013 2192 quodvis
1035 2097 1165 2168 sitienti

28 2199 190 2292 poculum
227 2196 361 2270 homiui
401 2198 587 2294 idoneum,
635 2194 862 2287 humanitati,
904 2198 972 2268 nisi
1010 2196 1162 2288 bellum,

28 2295 187 2396 paam),
217 2297 279 2370 sed
301 2321 382 2371 cum
402 2298 596 2372 discessum
622 2310 675 2370 est
697 2296 742 2367 ab
767 2296 913 2369 utilitate
937 2297 982 2368 ad
1005 2299 1164 2396 volupta-

27 2409 111 2472 om·
157 2413 277 2472 tamen
309 2401 347 2471 in
380 2425 422 2473 eo
458 2424 502 2473 ex
531 2395 806 2472 dissimilitudine
838 2398 919 2496 plns
952 2398 1162 2496 voluptatis,

26 2527 123 2597 quam
156 2529 203 2576 ex
232 2493 475 2596 similitudine,
511 2525 614 2602 saepe
638 2499 785 2598 capitur.
970 2495 1040 2571 52.
1082 2500 1166 2592 Quo

136 2671 193 2738 29.
221 2688 311 2758 quom]
330 2690 429 2759 scripsi.
473 2687 546 2762 quod
569 2686 644 2742 codd.
684 2686 776 2760 qu1d⁹
799 2690 865 2743 coni.
883 2649 1053 2758 Augustinus
1095 2690 1168 2762 quod

28 2777 107 2828 quom
109 2755 247 2829 proponit
262 2759 465 2828 Spcugclinsff
483 2767 485 2775 '
540 2755 690 2824 videamus]
707 2757 783 2814 (silla.
819 2759 988 2814 videmusF.
1063 2775 1065 2781 ’
1103 2763 1151 2811 ad*
1152 2764 1164 2830 ]

27 2831 116 2886 addidi.
154 2832 317 2896 Peristylnm
342 2832 376 2884 ab
401 2831 468 2894 atrio
493 2830 614 2897 differre,
640 2832 775 2888 Vitruvius
799 2839 827 2886 et
851 2833 958 2918 quaevis
975 2834 1066 2894 domus
1084 2833 1166 2886 Pom-

26 2904 111 2968 peiana
131 2902 284 2956 ostendunt.
320 2904 446 2956 Similiter
463 2902 628 2970 Spengelius.
742 2904 857 2968 *tamenJ
876 2907 942 2957 coni.
957 2906 1057 2971 scripsi
1096 2904 1168 2973 quod

27 2982 112 3026 tumen
139 2974 220 3027 codd.
377 2973 522 3044 sequimur]
541 2975 642 3040 scripsi.
684 2991 730 3044 seq
732 2989 829 3025 namur
847 2975 922 3026 codd.
965 2974 1026 3026 Non
1044 2973 1165 3060 diffiteor,

26 3041 85 3099 hauc
108 3052 137 3099 et
163 3045 312 3114 proximam
339 3045 524 3099 correctionem
549 3043 611 3096 milti
638 2993 789 3112 displicere,
824 3045 902 3098 modo
926 3032 1107 3112 praestabilior
1131 3013 1175 3112 ad,

26 3130 110 3172 nanus
125 3123 209 3172 esset.
247 3116 324 3170 Nunc
341 3118 416 3185 posui
435 3117 505 3184 quod
522 3116 610 3170 sensui
627 3122 656 3171 at
669 3116 794 3170 untionis
811 3115 911 3170 turmae
926 3131 978 3169 non
996 3117 1165 3172 disconvenit.

134 3225 193 3292 30.
224 3239 287 3307 ιιι]
306 3257 348 3307 vg.
393 3239 461 3293 usus
480 3241 574 3306 codd,
602 3239 671 3294 unde
689 3237 846 3309 Spengelius
865 3241 964 3294 emend.
982 3241 1058 3294 Varr.
1083 3245 1165 3308 p..10

24 3314 212 3440 ldidndidtdid.
235 3310 311 3365 asnis
335 3329 429 3366 causa.
471 3311 532 3380 Ego
556 3314 620 3366 ιιιιι
645 3309 728 3366 liabeo
752 3315 892 3392 annotare,
914 3332 966 3366 usu
993 3327 1051 3366 esse
1078 3312 1165 3365 dativo

133 3479 191 3543 31.
226 3490 288 3561 quo]
308 3489 412 3556 quidam
428 3443 500 3559 apud
517 3492 697 3558 Augustinum.
735 3491 807 3564 quod
824 3455 899 3544 codd.
971 3531 974 3538 .
1041 3491 1165 3558 retinere]

26 3567 87 3618 coni.
125 3563 245 3618 retineri
259 3561 334 3613 codd.
490 3561 608 3632 artifice]
626 3561 734 3617 Posti.
753 3581 777 3618 ι.
791 3566 818 3616 ιιι
836 3564 893 3634 FG.
912 3577 991 3630 parva
1009 3569 1050 3614 est
1065 3565 1165 3627 lacuna,

23 3635 56 3688 ιιι
71 3645 102 3690 ut
120 3637 223 3690 deesse
241 3633 336 3698 aliquid
354 3631 454 3685 auribus
473 3635 595 3702 suspicati
613 3649 671 3688 esse
687 3636 831 3688 videantur.
877 3637 962 3699 Atque
987 3633 1078 3687 deesse
1100 3650 1169 3702 apo-

24 3709 93 3761 dosin
112 3713 212 3762 censet
236 3705 315 3758 etiarn
333 3704 495 3772 spergettus
525 3707 661 3773 Attamen,
685 3709 708 3759 ei
727 3721 758 3760 ea
775 3707 868 3770 verba,
892 3721 959 3772 qnae
982 3705 1166 3774 parentheseos

24 3779 100 3847 siguis
124 3777 240 3842 inclusi,
268 3782 391 3842 tanquam
417 3783 597 3842 argumentum
622 3746 751 3848 prioribus
779 3745 894 3829 additdm
911 3776 1061 3843 habentur,
1087 3785 1166 3843 atque
1199 3791 1207 3814 ι

25 3855 168 3916 particulae
187 3847 238 3900 sed
255 3853 386 3916 potestas,
404 3861 548 3902 emmonem
566 3851 600 3902 ad
618 3851 754 3936 superiora
770 3847 922 3913 revocandi,
935 3849 1070 3914 tribuitur,
1088 3863 1166 3916 quarn

25 3924 232 3992 epanalepticam
257 3924 411 3987 potestatem
429 3920 589 3974 Graecorum
615 3917 683 3971 citici
707 3926 736 3973 et
756 3921 909 3972 Latinorum
926 3921 1070 3988 sedsaepe
1088 3935 1166 3974 exer·

24 4001 93 4048 cent.
121 3993 224 4050 omnia
234 3992 272 4044 sic
289 3997 360 4042 recte
373 3995 405 4044 et
423 4005 457 4042 ex
475 3992 565 4045 ordine
582 3993 712 4061 disputata
730 3993 898 4061 apparebunt.
934 3993 964 4044 Si
983 3993 1041 4059 quis
1062 3997 1166 4060 praeter

24 4067 166 4120 utilitatem
185 4063 268 4120 etiam
286 4059 439 4128 elegantiam
457 4065 580 4129 pastinat,
598 4064 693 4130 quod'
685 4079 711 4115 ιιι
729 4063 833 4129 vestitu,
851 4063 989 4129 aedificiis,
1004 4063 1166 4132 'supellectile

22 4151 71 4188 non
88 4141 179 4191 solum
200 4133 271 4200 quod
289 4149 395 4186 necessa
412 4134 454 4198 sit,
473 4135 518 4187 sed
538 4136 616 4188 etiam
633 4135 704 4202 quod
720 4102 833 4203 placeat:
847 4102 1075 4188 desideranius—
1092 4135 1163 4188 aliud

22 4209 86 4262 enim
106 4205 227 4262 hominis
250 4205 368 4273 corpori,
395 4205 465 4258 aliud
488 4205 574 4258 animo
597 4207 630 4258 ad
652 4206 834 4260 humanitatem
857 4207 961 4258 exculto
983 4206 1109 4260 satisfacit
1125 4233 1162 4244 -

22 4281 41 4330 ιι
53 4283 112 4346 quis
130 4281 221 4346 igitur
239 4277 271 4328 ab
289 4277 398 4328 utilitate
411 4277 445 4329 ad
461 4277 620 4344 voluptatem
633 4277 755 4332 discedit:
774 4285 859 4331 tamen
873 4279 951 4331 etiam
963 4279 1002 4331 sic
1019 4278 1162 4330 anomaliae

22 4352 169 4417 praestabit
185 4349 316 4416 andagia.
430 4348 493 4414 nist]
511 4363 553 4416 vg.
590 4349 707 4402 stcodd.
821 4350 874 4418 est]
892 4364 934 4417 vg.
970 4359 997 4400 et
1015 4349 1090 4402 codd.

682 4445 807 4514 12,
