2864 4814
475 221 510 322 ἓ.
544 239 642 304 1,-
671 217 713 302 4ἰ
1085 219 1161 293 ttr

39 410 149 506 Neque
187 408 297 481 multa
329 409 373 483 ab
408 434 450 481 eo
482 407 682 499 cruentari,
722 431 826 504 quem
870 431 943 480 non
981 420 1084 480 erunt
1125 410 1162 480 iu

39 509 263 583 lucubratione
296 511 414 584 literae
446 521 669 608 prosecutae,
716 509 865 601 multum
904 508 986 581 licet
1024 509 1159 610 legerit.

39 608 123 682 delii
142 611 290 684 bominis
316 614 353 683 in
378 615 490 710 primo
513 612 550 682 in
571 610 678 682 literis
698 610 835 682 Latinis
855 612 1036 684 exercitati
1056 613 1162 683 iuter·

38 715 249 809 pretationem
283 718 473 786 carminum
509 710 685 784 Saliorum
715 711 848 784 videbis
880 723 915 785 et
949 711 1031 785 exili
1063 712 1163 784 litera

38 814 239 910 expeditam,
274 828 308 888 et
332 816 515 914 praeterita
541 812 690 886 obscura
707 813 836 885 multa.
989 811 1048 886 ·5.
1085 815 1161 886 Nee

38 918 169 1006 mirum,
196 943 301 1014 quom
327 945 397 990 nou
421 916 523 988 modo
549 913 774 1013 Epimenides
800 925 877 1012 post
902 941 1013 988 annos
1031 915 1079 986 L.
1102 941 1162 987 ex·

37 1029 201 1112 porrectus
227 1045 247 1089 a
276 1017 394 1112 multis
418 1044 489 1089 uon
516 1028 765 1115 cognoscatur,
804 1015 865 1088 sed
894 1018 995 1088 etiam
1021 1017 1161 1094 Teucer
1175 1043 1226 1114 {aa

36 1117 118 1189 Livii
147 1131 229 1216 post
260 1146 369 1192 annos
399 1119 474 1193 XV
507 1116 551 1190 ab
583 1121 656 1190 suis
690 1119 752 1214 qui
785 1119 830 1188 sit
855 1118 1054 1215 ignoretur.
1108 1114 1163 1191 At

36 1217 93 1290 boc
118 1220 202 1317 quid
227 1221 271 1292 ad
296 1219 482 1294 uerborum
508 1221 723 1318 poeticorum
749 1218 918 1290 aetatem?
955 1245 1103 1315 quorum
1131 1222 1160 1292 si

35 1321 176 1418 Pompili
199 1349 344 1421 regnum
368 1322 447 1395 fons
471 1324 507 1393 in
528 1320 739 1393 carminibus
762 1319 959 1409 Saliorum,
984 1347 1097 1418 neque
1119 1347 1159 1392 ea

36 1421 70 1492 ab
110 1424 344 1521 superioribus
381 1434 546 1521 accepta,
589 1435 704 1494 mmeu
740 1419 869 1492 habeut
900 1419 1001 1494 DCC
1034 1447 1155 1494 annos.
1169 1427 1232 1496 (⁶⁶)

36 1521 142 1612 Quare
169 1552 259 1623 quor
282 1526 461 1622 scriptoris
482 1524 685 1596 iudustriam
709 1521 942 1621 reprehendas
963 1524 1024 1620 qui
1044 1522 1160 1595 herois

35 1627 205 1719 tritavum,
233 1638 370 1700 atavum
396 1653 466 1698 uon
493 1627 641 1723 potuerit
665 1627 835 1722 reperire,
864 1649 968 1720 qttom
989 1626 1068 1723 ipse
1088 1626 1157 1716 avi,
1174 1649 1222 1718 αξξ

37 1727 140 1798 tritavi
176 1739 320 1800 matrem
359 1755 431 1801 uon
469 1729 582 1826 possis
617 1725 762 1798 diceret
805 1724 901 1822 quod
941 1725 1160 1822 intervallum

36 1830 133 1901 multo
156 1839 251 1902 tanto
276 1833 420 1928 propius
449 1856 534 1921 uos,
574 1852 679 1925 quam
704 1825 788 1898 hinc
816 1825 861 1899 ad
885 1827 1022 1898 initium
1047 1827 1161 1902 Salio·

36 1955 120 2022 rum,
149 1955 220 2028 quo
244 1933 483 2003 Romanorum
506 1931 617 2028 prima
645 1927 750 2000 verba
774 1929 909 2026 poetica
935 1928 1055 2001 dicunt
1082 1954 1161 2026 pro-

35 2028 122 2102 lata?
259 2031 299 2104 ll.
335 2033 448 2132 Igitur
472 2031 516 2103 de
539 2029 733 2130 originibus
759 2029 944 2101 verborum
967 2032 1028 2128 qui
1053 2030 1160 2102 multa

36 2129 147 2205 dixerit
173 2132 373 2225 commode,
408 2135 524 2231 potius
549 2132 631 2204 boni
659 2129 932 2224 consulendum,
969 2157 1073 2229 quam
1100 2135 1160 2229 qui

36 2231 152 2332 aliquid
190 2237 405 2333 nequiverit,
446 2232 790 2333 reprehendendum
840 2236 1042 2330 praesertim
1080 2257 1159 2305 cum

37 2457 69 2502 est
83 2456 142 2507 ulla.
257 2455 423 2522 eruentnr']
443 2457 509 2507 cohi.
529 2453 630 2517 addidi,
656 2459 763 2523 prepter
781 2469 890 2506 sensium.
1005 2451 1088 2520 Quem
1107 2471 1159 2503 non

34 2535 102 2574 erunt
119 2528 147 2576 in
166 2523 352 2578 lurcabrntione
370 2527 465 2577 literae
486 2536 660 2594 prosecutae,
687 2525 788 2576 ridetur
806 2527 889 2576 Varro
908 2521 994 2575 dicere
1012 2539 1087 2588 eum,
1115 2525 1159 2590 qui

35 2594 109 2648 literas
134 2614 184 2648 nou
210 2597 242 2648 ad
270 2601 389 2651 altiorem
413 2600 536 2650 scientiae
561 2597 668 2663 gradum
692 2597 868 2663 persequitur,
895 2603 922 2647 et
946 2596 990 2662 qui
1015 2595 1160 2644 salamari

35 2665 215 2736 Aristophanis
240 2669 392 2732 lucernam,
415 2687 498 2740 neque
517 2667 598 2718 ctiam
623 2668 661 2718 ad
678 2667 815 2718 Cleanthis
840 2665 979 2724 lucubrat,
1004 2674 1034 2718 ut
1056 2666 1158 2734 scripsit

34 2733 60 2798 V,
76 2742 97 2788 9.
211 2737 315 2808 legerit]
334 2742 478 2809 Scioppius.
516 2739 612 2810 legeret
630 2740 732 2791 FGHb.
769 2738 885 2810 legerent
905 2755 928 2790 a.
960 2769 964 2778 =
1051 2737 1157 2806 expedi-
1183 2744 1194 2771 ·

34 2808 89 2874 tarn]
107 2825 148 2876 vg.
185 2811 310 2878 expedita
328 2813 403 2865 codd.

130 2909 160 2974 3.
185 2912 367 2996 Epimenides]¹
384 2943 426 2994 vg.
462 2926 633 2994 Epamenidis
655 2927 729 2979 FGa.
766 2924 934 2994 Opamenidis
952 2924 986 2976 ll.
1023 2923 1157 2991 spertine-

36 2989 68 3042 tlt's
83 2995 105 3048 b.
139 2999 207 3050 Post
224 2997 248 3050 b.
268 3016 291 3052 v.
311 3020 378 3070 opas
396 2999 467 3053 addit
484 2999 530 3051 Fa.
567 3016 628 3066 opes
645 2999 685 3049 b.:
705 3015 737 3048 ex
756 3015 808 3064 quo
826 3015 915 3049 somno
932 2996 994 3046 iecit
1011 2996 1157 3058 Turnebus,

35 3077 76 3114 uon
91 3068 299 3134 improbabiliter.
452 3073 551 3120 Teucer
569 3067 653 3133 Livir]
672 3067 758 3120 Bothe
776 3071 807 3120 P.
826 3069 870 3120 Se.
891 3068 923 3118 L.
942 3067 976 3130 V,
995 3069 1019 3118 1.
1038 3083 1096 3133 pag.
1113 3070 1155 3119 14.

35 3135 96 3201 XV]
114 3139 190 3191 GHa.
234 3141 381 3210 quindecim
399 3141 425 3192 b.
462 3140 528 3190 XII
543 3141 572 3192 F.
610 3138 694 3188 decem
712 3135 871 3204 Augustinus
895 3138 1003 3202 margini
1028 3133 1182 3204 apposuit'

36 3205 78 3258 Qui
98 3211 133 3262 sic
157 3212 275 3279 scripsit,
303 3213 336 3266 de
361 3213 465 3265 Teucro
490 3217 550 3277 post
573 3211 713 3262 Troianum
738 3211 833 3262 bellum
852 3209 885 3262 ad
907 3215 1007 3276 patrem
1032 3210 1156 3262 redeunte
1212 3264 1220 3279 .

34 3279 157 3342 cogitabat.
211 3284 391 3336 Verumtamen
417 3283 520 3334 Teucer
545 3283 639 3334 iterum
669 3287 729 3348 post
759 3283 839 3349 patris
874 3282 973 3333 obitum
998 3281 1155 3332 Salaminem

35 3351 129 3410 patriam
156 3355 277 3420 repetiit,
312 3372 370 3408 cum
400 3354 433 3405 ab
458 3353 591 3418 Eurysace
615 3353 701 3404 Aiacis
727 3354 781 3404 filio
811 3367 917 3404 accessu
942 3349 1086 3419 prohibitus
1106 3355 1155 3400 est.

36 3416 111 3472 lustin.
129 3423 226 3488 XLIV,
244 3429 269 3478 3.
396 3424 443 3496 qui
459 3423 507 3487 sit]
527 3425 587 3494 quis
606 3423 696 3494 sityH.
733 3424 787 3476 Sed
805 3423 883 3487 illud,
910 3422 978 3488 quod
998 3429 1059 3475 cett.
1079 3419 1154 3473 codd.

36 3483 127 3559 habeut,
161 3497 269 3548 Varroni
293 3511 344 3547 nou
370 3495 543 3568 eripiendum,
567 3495 677 3563 priscam
699 3496 725 3546 iu
744 3495 783 3548 bis
801 3495 901 3547 relativi
918 3494 1008 3546 formis
1026 3493 1172 3545 licentiam.

36 3568 160 3631 usurpanti.
204 3567 249 3620 Sic
266 3567 299 3618 de
315 3568 349 3619 R.
360 3568 394 3622 R.
412 3571 434 3631 l,
448 3571 491 3630 69,
505 3571 530 3618 2.
551 3583 626 3636 quem
645 3566 691 3636 qai
709 3576 779 3618 essct
797 3563 1007 3616 animadvertere
1026 3564 1054 3614 in
1073 3561 1154 3613 turba

35 3645 77 3680 non
97 3637 225 3701 potuisse.
278 3639 323 3690 Sic
346 3639 449 3707 scripsit
473 3640 550 3691 etiam
577 3636 799 3706 Lentulus.'apud
825 3637 931 3688 Sallust.
960 3635 1036 3688 Catil.
1062 3637 1104 3688 tt.
1129 3639 1155 3684 et

36 3699 171 3761 Ciceronem
193 3710 220 3760 in
246 3710 302 3761 Cat.
321 3708 369 3774 l'll,
387 3714 413 3762 5.
456 3709 510 3777 Qui
531 3709 596 3764 sim,
623 3725 655 3757 ex
673 3727 702 3758 ec
721 3725 796 3778 quem
820 3705 858 3755 ad
882 3715 909 3756 te
933 3705 992 3755 misi
1016 3705 1096 3756 scies:
1123 3721 1154 3756 eo
1206 3728 1210 3738 ·

36 3777 137 3841 tempore
155 3795 205 3846 quo
224 3781 394 3846 elegantiores
412 3781 550 3848 scriptores
568 3779 618 3830 iam
632 3778 824 3846 distinguebant
841 3778 908 3829 inter
921 3777 981 3848 quis
991 3778 1080 3844 ipsam
1094 3793 1154 3843 per-

35 3857 109 3898 sonam
127 3856 154 3902 et
171 3851 217 3921 qai
234 3855 358 3920 petronae
377 3857 471 3902 statum
489 3851 643 3917 significans.
756 3850 810 3913 At]
824 3849 962 3901 Victorius.
999 3849 1036 3897 ad
1050 3848 1152 3901 FGllb.
1248 3901 1251 3920 .

36 3911 64 3959 ab
78 3933 99 3968 a.
219 3922 304 3972 inulto
322 3922 409 3986 tanto]
427 3922 556 3974 Omittunt
573 3921 657 3971 multo
677 3921 712 3973 G.
748 3929 827 3970 tanto
846 3937 870 3970 a.
906 3919 960 3972 Sed
979 3921 1062 3982 male,
1091 3935 1148 3970 cum

36 3985 107 4038 rrrultc
124 3998 201 4042 tanto
217 3993 350 4045 Romanos
367 3993 445 4060 volgo
463 3992 572 4058 dixisse,
596 3993 705 4045 Plautus
723 3991 849 4044 ostendat.
1002 3989 1148 4059 pretend]

36 4058 90 4108 coni.
124 4059 211 4113 latina
230 4063 304 4116 codd.

132 4151 162 4217 4.
191 4169 238 4241 qni
255 4169 343 4220 rnaita
361 4168 470 4237 dixerit]
494 4170 542 4241 qui
568 4168 622 4223 iere
644 4169 741 4222 dictum
765 4176 805 4222 est
828 4185 876 4237 pro
900 4169 924 4220 si
949 4167 1024 4239 quis,
1054 4168 1149 4220 leviore

36 4237 133 4295 enodem
151 4241 177 4291 iu
194 4243 307 4296 celebris
331 4242 451 4294 membris
473 4243 608 4308 iungendis
633 4241 800 4304 anacolutho,
826 4242 898 4294 cuius
916 4241 984 4293 aliud
1003 4242 1149 4307 exemplum
1230 4277 1234 4284 .

37 4311 69 4355 cst
85 4309 127 4376 lx,
145 4315 205 4365 lta.
246 4314 300 4382 Qui
316 4311 380 4364 dicit
397 4313 447 4365 boc
464 4314 547 4366 nunti
564 4319 615 4366 etc.
753 4313 913 4384 nequiverit]
932 4311 1062 4384 nequierit
1081 4311 1147 4363 Gru.
