2866 4812
242 223 325 302 250
442 201 453 242 l
648 245 772 294 cluss
809 245 956 294 nonus.
1015 225 1019 228 ’

179 410 410 514 55perl‘ecti,
448 409 500 482 sic
531 404 806 502 didiceram,
841 405 1005 500 didici,
1042 403 1261 480 didicero.
1318 403 1375 478 Ex

245 539 317 614 qno
346 511 429 584 licet
463 510 552 584 scire
585 508 771 582 verborum
804 509 972 582 rationem
1004 517 1181 602 constare,
1219 505 1282 580 sed
1316 533 1377 580 eos

239 617 303 714 qui
332 613 438 686 trium
462 621 658 709 temporum
680 609 787 684 verba
812 609 1035 710 pronuntiare
1060 608 1192 702 velint,
1228 609 1380 682 scienter

236 718 275 789 id
306 715 433 788 facere.
602 708 672 784 97.
711 712 808 785 Item·
837 709 940 784 illud*
965 709 1247 808 reprehendunt,
1280 709 1378 808 qnod

237 818 396 890 dicamus
418 835 529 905 amor,
553 812 709 907 amabor,
733 824 867 893 amatus
884 839 983 908 sum,
1010 839 1082 885 non
1103 813 1196 885 enim
1214 811 1379 885 debuisse

236 921 274 992 in
297 944 368 992 una
392 917 481 990 serie
506 941 615 987 unum
640 913 786 988 verbum
812 941 890 990 esse
915 913 1066 1014 duplex,
1096 937 1178 986 cum
1200 911 1271 987 duo
1295 914 1379 986 sim·

235 1020 341 1119 plicia
359 1027 501 1099 essent.
562 1016 687 1114 Neque
713 1042 757 1090 ex
781 1017 951 1090 divisione
981 1017 1012 1088 si
1036 1013 1236 1088 uniusmodi
1267 1040 1379 1112 ponas
1424 1045 1425 1068 o

237 1119 366 1212 uerba,
394 1119 592 1216 discrepant
615 1119 706 1190 inter
725 1145 787 1214 se,
815 1144 895 1190 nam
920 1116 1050 1190 infecta
1068 1118 1185 1191 omnia
1205 1116 1380 1215 simplicia

236 1221 361 1300 similia
384 1230 485 1313 sunt,
512 1229 547 1291 et
568 1219 721 1316 perfecta
745 1220 898 1319 duplicia
917 1220 1008 1292 inter
1027 1245 1067 1292 se
1086 1219 1182 1316 paria
1205 1219 1243 1290 in
1264 1220 1379 1291 omni·

230 1321 304 1396 bus
338 1321 553 1418 verbim—ut
586 1319 697 1394 haece
740 1320 944 1413 amabar,
984 1345 1127 1413 amor,
1164 1319 1377 1414 amabor,
1424 1377 1425 1416 ζ

156 1461 159 1468 ·
236 1434 410 1496 amatus
445 1423 609 1513 *er-am,
645 1423 893 1516 sum*,ero.
1036 1419 1105 1493 98.
1149 1421 1379 1513 Quareitem
1424 1429 1425 1472 ἓ

235 1524 327 1598 male
358 1525 480 1598 dicunt
510 1523 618 1618 ferio,
655 1523 801 1619 feriam,
838 1524 1017 1624 percussi,
1054 1522 1149 1621 quod
1180 1534 1234 1596 est
1263 1523 1376 1596 ordo:
1424 1481 1425 1552 l

176 1625 422 1726 pppferiam,
457 1624 597 1718 ferio,
631 1623 880 1722 faciebam,
924 1626 1156 1722 percussi,
1194 1651 1379 1722 percus·

176 1727 370 1819 1aasero*,
398 1727 744 1825 percusseram.
797 1727 861 1801 Sic
882 1726 1045 1824 deinceps
1070 1728 1108 1798 in
1127 1724 1270 1828 reliquis
1293 1731 1379 1800 tem·

175 1827 384 1927 56poribus
409 1825 676 1924 reprehendenti
699 1827 902 1924 responderi
926 1838 1053 1924 potest.
1170 1825 1239 1900 99.
1268 1827 1379 1902 Simi-

236 1931 317 2004 liter
342 1939 459 2002 errant
484 1929 546 2025 qui
570 1927 713 2022 dicunt,
752 1954 797 2002 ex
826 1939 974 2026 utraque
1006 1939 1104 2028 parto
1129 1928 1236 2003 verba
1261 1932 1378 2002 omnia

239 2041 452 2106 commutare
472 2028 625 2128 syllabas
647 2039 819 2126 oportere,
843 2040 905 2102 aut
925 2029 1062 2103 nullum
1083 2033 1120 2102 in
1140 2029 1216 2103 bis:
1240 2052 1383 2132 pungo,

236 2158 413 2232 pungam,
450 2132 605 2230 pupugi,
647 2131 780 2224 tundo,
817 2131 983 2226 tundam,
1021 2131 1158 2228 tutudi3
1198 2131 1388 2206 dissimilia*

238 2236 331 2308 cuim
357 2231 563 2324 conferunt,
596 2231 704 2304 verba
727 2233 849 2306 infecti
874 2258 954 2306 cum
978 2233 1153 2332 perfectis.
1213 2234 1378 2326 Quodsi

236 2335 366 2407 infecta
397 2332 500 2407 modo
526 2334 745 2429 conferrent,
781 2335 897 2408 omnia
922 2334 1019 2408 verbi
1043 2336 1214 2435 principia
1239 2339 1374 2411 incom-

239 2435 420 2510 mutabilia
444 2436 663 2530 viderentur,
692 2438 790 2510 utin
812 2434 889 2530 his,
915 2435 1186 2536 pungebam,
1211 2465 1375 2538 pungo,

238 2564 455 2637 pungam,
492 2550 527 2611 et
562 2549 683 2611 contra
714 2564 759 2611 ex
791 2548 939 2636 utraque
970 2547 1069 2637 parte
1103 2538 1374 2633 commutabilia,

238 2639 270 2712 si
294 2639 447 2736 perfecta
474 2650 663 2738 ponerent,
689 2649 728 2711 ut
752 2659 1053 2738 pupuge'ram,
1082 2643 1271 2741 pupugi,
1302 2670 1375 2742 pu·

176 2751 426 2839 57pugero.
578 2737 672 2812 100.
713 2741 803 2814 Item
825 2740 915 2812 male
939 2741 1142 2815 conferunt:
1179 2743 1252 2836 fui,
1282 2771 1373 2835 sum,

239 2867 319 2933 ero,
363 2839 458 2940 quod
489 2838 541 2910 ful
571 2851 623 2912 est
654 2840 871 2938 perfectum,
906 2843 1033 2940 quoius
1068 2845 1173 2917 series
1204 2844 1295 2939 sibi,
1339 2856 1376 2918 ut

238 2941 357 3038 debet,
384 2943 422 3015 iu
442 2939 604 3016 omnibus
629 2945 789 3042 personis
811 2953 966 3040 constat,
995 2945 1089 3045 qnod
1110 2957 1165 3019 est
1188 2945 1373 3040 fueram,

290 3125 296 3144 Ι
349 3157 401 3222 97.
432 3174 501 3224 Item
519 3171 611 3244 illud]
630 3147 697 3232 coni.
740 3175 809 3227 idem
825 3174 888 3228 illos
906 3174 955 3246 qui
972 3174 1048 3229 codd.
1177 3195 1240 3228 nam
1257 3176 1374 3248 infecta]

237 3243 273 3296 cl.
291 3249 380 3295 annot.
398 3243 431 3295 ad
449 3244 490 3308 X,
505 3247 549 3299 48.
716 3247 817 3306 ‘eram
834 3247 917 3314 sum‘]
941 3263 991 3301 om.
1010 3245 1085 3301 codd.
1122 3247 1248 3302 Addenda
1267 3266 1302 3304 ea
1320 3266 1374 3304 esse

237 3315 303 3368 vidit
321 3315 487 3384 Spengelius.
774 3319 787 3340 ⁴

351 3415 405 3480 98.
429 3428 517 3502 serio,
529 3427 647 3501 feriam,
660 3430 805 3502 seriebam]
818 3434 917 3502 scripsi.
958 3432 1063 3505 feriam
1084 3431 1216 3504 sordebam
1228 3436 1261 3490 F.
1291 3435 1374 3508 ferior

233 3499 371 3572 feriebom
388 3517 413 3554 a.
443 3501 562 3572 seriam,
575 3500 665 3571 serio,
676 3501 810 3573 seriebcm
825 3506 887 3558 GH.
924 3505 965 3558 Cf.
983 3521 1050 3572 quae
1068 3514 1198 3560 secuntur.
1311 3525 1373 3577 per·
1424 3519 1425 3592 l

240 3573 330 3640 cessi]
346 3570 530 3643 percutiebam
553 3574 620 3626 coni.
640 3574 810 3642 Spengelins.·
854 3577 914 3630 Hoc
937 3575 1000 3630 mibi
1024 3593 1076 3630 non
1100 3580 1238 3647 probatur,
1266 3585 1373 3648 propter

238 3659 342 3696 sensum
361 3645 442 3698 totius
459 3645 518 3698 loci.
562 3645 720 3712 Intelligitur
736 3647 803 3700 euim
822 3663 856 3702 cx
873 3647 937 3714 boc,
966 3651 1149 3714 grammaticos
1167 3652 1222 3704 eius
1242 3651 1372 3719 temporis,
1424 3667 1425 3700 i

239 3717 361 3781 quoniam
381 3715 452 3788 serii
471 3717 499 3768 in
519 3731 569 3768 usu
591 3731 643 3768 non
666 3724 737 3784 erat,
765 3734 823 3772 cum
846 3719 926 3772 verbo
950 3719 1016 3772 letio
1041 3721 1204 3775 coniunxisse
1229 3721 1370 3789 perlectum

234 3785 374 3853 percussi,
398 3793 428 3838 ut
446 3802 494 3840 nos
511 3787 689 3854 coniungimus
707 3805 765 3842 cum
778 3789 843 3858 fero
861 3788 923 3845 tuli.
966 3791 1048 3858 quue
1066 3794 1149 3846 Varro
1166 3809 1219 3847 non
1236 3794 1370 3862 improbat,

238 3857 286 3909 sed
303 3858 341 3910 sic
359 3873 449 3911 verum
467 3873 525 3910 esse
542 3861 695 3924 confitetur,
718 3867 749 3914 ut
766 3861 889 3914 infectum
907 3863 1015 3917 verbum
1032 3869 1116 3917 totum
1134 3871 1250 3916 sumatur
1267 3881 1283 3916 a
1301 3863 1370 3924 ferio,

238 3928 384 3996 perfectum
410 3945 426 3980 a
450 3930 575 3997 percussi.
629 3930 698 3984 Hinc
730 3932 826 4001 pendet
859 3933 1006 3988 emendatio
1037 3938 1199 4002 sequentium
1228 3937 1369 3988 verborum.
1424 3921 1425 4012 l

235 4001 417 4066 percussero*]
436 4001 502 4054 coni.
521 4002 621 4070 scripsi.
661 4003 784 4072 percutio
802 4003 877 4058 codd.
1046 4007 1255 4076 percusserom']
1274 4006 1372 4075 scripsi:
1424 4023 1425 4036 ¹

211 4123 219 4165 1
234 4073 386 4138 percutiam
403 4071 479 4125 codd.

239 4259 240 4264 Ἰ
350 4169 403 4234 99.
424 4180 571 4256 infictilco
587 4185 629 4245 dd.
660 4187 771 4260 'infecta
788 4205 831 4258 vg.
868 4190 909 4244 cf.
928 4197 1015 4247 annot.
1033 4191 1066 4246 ed
1085 4193 1126 4260 X,
1146 4197 1188 4248 46.

355 4283 426 4349 100.
451 4302 585 4370 personis]
604 4319 648 4372 vg.
673 4305 820 4360 additura!
833 4305 948 4378 sormic,
966 4309 1036 4377 quod
1056 4325 1105 4364 om.
1125 4309 1199 4364 codd.
1219 4307 1281 4376 (sed
1298 4309 1329 4362 de
1347 4326 1368 4362 ι.
