2866 4812
447 244 730 346 tm-m
873 358 877 370 Ι
1079 245 1163 322 um

40 457 134 531 mam
152 435 189 504 iu
211 455 252 506 rc
271 429 428 506 dissimili
450 421 590 504 similis*
610 429 745 530 figurae
762 431 909 526 formas,
933 435 970 505 in
990 436 1165 512 re'simili

40 538 212 632 imponunt
236 533 439 632 dispariles,
468 546 507 606 ut
529 533 637 606 calcei
661 533 840 608 muliebris
865 539 937 608 siut
962 561 1008 608 an
1032 539 1163 632 viriles,
1176 575 1223 646 42⁵
1280 605 1283 612 .

40 637 176 709 dicimus
201 635 245 710 ad
275 635 534 710 similitudinem
560 633 716 736 figurae,
756 661 835 708 cum
868 649 985 712 tamen
1008 641 1241 724 'sciamusmuJ

39 761 277 836 nonnunquam
299 748 335 812 et
345 738 531 811 mulierem
552 734 681 810 babere
703 737 840 811 calceos
859 740 978 812 viriles
999 753 1034 814 et
1053 743 1167 814 virum

39 839 221 912 muliebris.
357 837 425 912 dl.
466 837 530 912 sie
549 837 624 910 dici
649 840 763 912 virum
788 841 1094 940 Perpennam,
1128 856 1169 916 ut

38 936 325 1038 Alphenam*,
360 940 520 1014 mudiebri
554 939 688 1035 forma3
724 952 902 1016 utcontra
924 947 1164 1041 parietem,

38 1053 72 1114 ut
95 1042 308 1136 abietem,
337 1069 413 1116 esse
437 1043 548 1117 forma
571 1041 739 1134 similem,
768 1051 873 1141 qu'om
897 1046 1042 1118 alterum
1063 1071 1167 1121 voca·

39 1142 154 1216 bulum
187 1145 325 1219 dicatur
355 1145 477 1237 virile,
516 1142 662 1216 alterum
694 1143 881 1239 muliebre,
918 1159 953 1218 et
983 1159 1168 1247 utrumque

38 1257 155 1319 natura
186 1258 362 1321 neutrum.
426 1246 490 1320 Sic
521 1249 640 1344 itaque
671 1271 711 1318 ea
745 1247 857 1318 virilia
890 1247 1059 1343 dicimus,
1097 1275 1169 1323 non
1249 1251 1253 1262 '

38 1350 266 1444 (liudevitum
299 1347 517 1446 significant,
555 1346 618 1420 sed
644 1346 772 1445 quibus
798 1352 1022 1449 proponimus
1052 1351 1112 1422 bic
1133 1362 1171 1423 et

37 1447 90 1542 bi,
125 1461 162 1523 et
188 1453 241 1523 sic
267 1449 469 1544 muliebria,
505 1451 542 1523 iu
569 1449 698 1548 quibus
730 1451 846 1523 dicere
878 1453 1050 1549 possimus
1082 1452 1170 1525 baec

37 1562 90 1624 aut
109 1550 190 1624 bae.
306 1548 376 1624 42.
404 1552 525 1644 Quare
545 1551 720 1641 uibilest,
739 1553 834 1649 quod
855 1552 977 1626 dicunt
991 1553 1233 1636 Tbeoua50

35 1663 65 1724 et
87 1655 236 1726 Diona
258 1677 329 1726 non
355 1679 431 1728 esse
457 1653 596 1746 similis,
621 1655 652 1724 si
677 1653 766 1724 alter
785 1665 842 1726 est
863 1649 1058 1752 Aethiops,
1081 1656 1225 1752 alterffl

36 1751 180 1848 Gallus,
221 1756 252 1826 si
284 1755 443 1854 analogia
475 1779 592 1828 rerum
618 1753 915 1830 dissimilitudines
948 1769 1103 1858 assumat
1125 1755 1171 1832 ad
1278 1759 1280 1764 ’

37 1853 300 1938 discernendum
325 1859 421 1930 vocis
444 1853 543 1930 verbi
566 1854 710 1954 figuras.

132 1982 203 2057 45.
239 1984 346 2076 Quod
371 1985 509 2078 dicunt,
537 1984 650 2058 simile
667 1987 713 2058 sit
737 2009 847 2059 necue
869 2012 997 2060 nomen
1022 1989 1231 2083 nomini,51

39 2085 268 2186 imprudenter
292 2085 539 2182 Aristarchum
569 2089 789 2185 praecipere,
824 2101 982 2188 oportere
1014 2101 1232 2188 spectaretur

39 2215 104 2261 non
127 2188 242 2262 solum
265 2213 309 2260 ex
328 2200 443 2282 recto,
472 2188 534 2262 sed
559 2190 663 2260 etiam
688 2215 732 2260 cx
753 2216 872 2263 eorum
894 2191 1043 2264 vocandi
1062 2217 1169 2288 casu,

41 2302 126 2364 esset
159 2291 251 2363 euim
286 2288 537 2383 deridiculum,
564 2292 614 2384 si
646 2289 789 2362 simileis
820 2293 911 2363 inter
940 2319 978 2364 se
1011 2303 1171 2392 parentes

41 2395 121 2485 sint,
159 2391 203 2463 de
225 2389 306 2462 filiis
332 2391 505 2464 iudicare:
537 2390 696 2482 'errant,
731 2391 922 2488 quoduou
948 2390 992 2465 ab
1018 2419 1060 2465 eo
1083 2392 1173 2467 obli·

41 2496 112 2589 quis
143 2491 281 2566 casibus
310 2491 351 2565 lit
383 2503 421 2565 ut
454 2494 540 2567 recti
572 2492 676 2566 simili
710 2491 800 2566 facie
825 2492 1073 2587 ostendantur,
1108 2495 1171 2567 sed

40 2607 176 2693 propter
207 2621 266 2667 eos
297 2593 436 2666 facilius
471 2593 621 2692 perspici
659 2594 847 2667 similitudo
881 2603 1167 2695 potest'eorum,

41 2721 139 2792 quam
172 2698 244 2768 vim
277 2694 426 2788 babeat,
471 2709 510 2769 ut
539 2696 682 2767 lucerna
713 2699 752 2768 iu
781 2695 933 2770 tenebris
964 2697 1067 2770 allata
1100 2723 1172 2772 nou
1182 2727 1230 2772 aar

41 2797 138 2893 lacit,
175 2823 266 2898 quae
290 2797 340 2869 ibi
365 2808 447 2871 sunt
473 2800 584 2896 posita
608 2798 732 2870 similia
754 2801 845 2890 sint,
881 2798 943 2872 sed
968 2788 1233 2873 navidem*

41 2907 94 2972 tur
124 2925 216 2999 quae
240 2901 310 2973 siut
334 2924 466 2997 quaeve
490 2899 615 2972 desint.
782 2899 852 2974 dd.
897 2900 995 2992 Quid
1026 2901 1173 2974 similius

41 3000 172 3076 videtur
189 3027 295 3102 mam
312 3003 349 3074 in
362 2999 418 3074 bis
434 3011 488 3074 est
503 3012 655 3074 extrema
670 3001 769 3074 litera
785 3003 825 3074 X
848 2995 972 3097 crux,
1003 3001 1173 3101 Phryxi

147 3215 203 3284 41.
236 3223 268 3280 ut
285 3227 463 3298 Alpheum]
482 3228 549 3282 coni.
593 3237 643 3278 aut
665 3226 774 3296 plenam
798 3224 874 3280 codd.
926 3228 1037 3280 outP.
1055 3229 1175 3278 Leonam

44 3302 140 3369 scripsit
158 3303 325 3372 Spengelius.
361 3299 416 3354 Sed
439 3316 464 3352 v.
482 3299 560 3362 VIII,
578 3301 622 3352 41.
750 3297 856 3370 forma]
874 3314 917 3364 vg.
957 3299 1079 3369 formum
1097 3297 1174 3350 codd.

43 3378 67 3422 st
93 3375 131 3425 sic
154 3375 236 3428 iidem
268 3375 346 3442 paulo
373 3371 497 3428 interius,
527 3369 578 3422 uisi
605 3367 674 3422 torte
697 3385 722 3422 a.
753 3375 865 3436 utroque
890 3371 948 3422 loco
974 3368 1053 3421 babet
1069 3366 1173 3438 formu.

44 3445 126 3511 quom]
144 3446 248 3514 scripsi.
292 3462 344 3516 quo
367 3443 455 3498 codd.-
490 3459 550 3494 eum
567 3456 610 3507 vg.
784 3440 884 3507 cirum]
902 3456 946 3508 vg.
988 3450 1082 3491 utrum
1098 3438 1174 3493 Fila.

43 3522 174 3588 utrunque
194 3518 229 3570 G.

154 3608 208 3674 42.
237 3619 344 3686 Gallus]
362 3620 478 3672 tortasse·
491 3617 585 3684 albus,
602 3623 633 3670 ut
648 3617 726 3684 vm,
744 3623 787 3674 41.
824 3618 879 3672 Sed
897 3633 948 3671 non
966 3616 1133 3698 refragabor,
1151 3615 1175 3666 si

44 3695 95 3760 quis
119 3699 206 3766 ipsum
224 3695 368 3747 Varronem
388 3689 452 3745 haec
469 3691 580 3744 undasse
606 3691 776 3772 contenderit.
915 3686 1089 3754 vectaverit]
1112 3687 1130 3739 ἰ.
1150 3702 1174 3740 c.

44 3765 112 3818 verbi
131 3767 264 3838 tanquam
282 3762 340 3816 soni
358 3762 474 3814 bumano
492 3779 536 3814 ore
550 3760 664 3832 prolatu.
701 3761 742 3817 Cf.
761 3760 839 3828 VIII,
857 3764 901 3816 40.

150 3865 204 3932 43.
228 3879 307 3951 Quod
325 3879 430 3944 uicum]
447 3879 526 3945 vm,
545 3882 588 3931 42.
728 3874 848 3943 semelen]
867 3877 897 3929 u.
933 3873 1032 3926 amna
1051 3878 1113 3928 cett.
1142 3871 1177 3924 a.

45 3963 98 4008 anu.
116 3953 158 4007 ad.
178 3953 211 4019 V,
230 3957 256 4007 ὅ.
388 3950 505 4018 *errant]
520 3952 589 4002 Ante
607 3947 631 4000 b.
650 3962 675 4000 v.
694 3947 780 4001 delevi
797 3948 858 4020 qui,
884 3943 1177 4013 suadente'Speugelto.

39 4021 86 4091 fit]
104 4041 146 4092 vg.
192 4025 230 4076 ait
255 4023 330 4077 codd.
358 4021 406 4076 sed
429 4021 462 4075 de
480 4039 504 4076 a.
529 4021 590 4074 nihil
616 4025 742 4072 notatum.
918 4017 1010 4082 simili]
1028 4017 1060 4068 F.
1088 4021 1118 4068 ut
1135 4031 1177 4080 vg.

45 4093 125 4146 simile
143 4095 221 4148 GHa.
246 4095 279 4148 of.
299 4094 351 4160 VI,
369 4097 413 4149 74.
528 4111 597 4164 quae
615 4091 682 4158 sint]
701 4089 744 4156 ig.
781 4105 850 4159 quae
868 4096 933 4140 sunt
951 4087 1027 4140 codd.
1064 4085 1104 4139 Cf.
1119 4101 1178 4140 cum

46 4159 68 4215 h.
85 4167 102 4217 l.
119 4167 199 4231 VIII,
217 4169 260 4220 42.
296 4165 432 4231 1Χ,’103.
601 4178 702 4235 quaeve
719 4157 818 4226 desint]
836 4173 878 4226 vg.
924 4158 1021 4230 quoius
1037 4156 1109 4224 (eius
1127 4155 1178 4222 H.)

47 4233 140 4290 diesim
158 4238 234 4292 codd.
270 4239 312 4290 Au
330 4254 414 4308 quove
433 4231 557 4286 distem?

153 4331 206 4398 ⁴14.
230 4345 361 4410 extrema]
378 4346 440 4398 GH.
476 4353 588 4394 externa
606 4342 636 4394 F.
662 4348 690 4394 et
707 4357 731 4392 s.
757 4329 787 4391 u't
812 4339 920 4394 ridetur.
1005 4346 1011 4363 '
1071 4331 1181 4400 Phryx]

727 4437 769 4502 ld
