2890 4820
267 277 344 335 xxll
583 287 601 304 ’
694 287 965 334 enarrarre

267 469 308 514 eo
336 446 369 512 la
398 445 522 549 scriptis
553 444 725 514 minorihus
758 443 897 513 collectis
931 445 1046 533 patu.
1076 443 1178 512 obiter
1204 441 1398 513 indicatam:

146 565 148 570 ¹
265 530 365 600 multa
393 535 465 599 vitra
493 553 565 598 cum
595 533 627 598 iu
654 531 820 600 Ciceronis
848 529 1058 604 orationibus,
1091 543 1159 598 tum
1185 529 1218 598 in
1240 531 1399 598 Varronis

258 617 309 683 de
330 617 370 684 L.
388 618 428 683 L.
449 617 534 684 libris
557 637 597 683 ex
618 639 677 684 usu
699 615 1017 704 Langobardicarum
1038 615 1198 682 literarum
1219 626 1290 683 orta
1310 639 1399 683 esse.

267 702 368 770 Cuius
395 700 504 769 iudicii
531 723 613 788 quae
640 702 702 768 sint
729 701 936 779 documenta,
968 698 1061 766 doleo
1084 699 1172 788 quod
1200 702 1309 769 aviro
1335 701 1400 766 im-

265 787 405 856 mortalis
432 787 603 853 memoriae
629 787 795 872 exquirere
820 788 884 852 iam
905 807 967 850 non
990 793 1175 853 concessum
1197 796 1254 853 est
1296 785 1401 854 Nunc

266 873 343 940 satis
365 872 469 938 habeo
490 883 618 952 notare,
650 871 809 939 literarum
832 870 1110 951 commutationes,
1138 893 1221 960 quae
1247 870 1280 937 in
1305 868 1398 938 libris

265 958 382 1026 nostris
404 958 587 1046 saepissime
605 957 820 1044 reperiantur,
851 979 924 1024 esse
942 956 1024 1024 inter
1045 967 1061 1020 t
1081 967 1114 1022 et
1134 980 1168 1035 e,
1198 956 1291 1022 etiam
1310 956 1400 1022 inter

267 1054 283 1109 t
302 1054 338 1109 et
358 1043 389 1124 l,
418 1043 499 1110 iuter
521 1067 539 1108 c
560 1054 639 1128 etg
667 1043 722 1128 (ut
746 1043 867 1128 lugere
887 1063 946 1130 pro
967 1042 1082 1106 lucere
1107 1040 1281 1138 V1,79.),
1310 1041 1399 1110 inter

265 1126 282 1191 l
302 1138 334 1195 et
355 1127 369 1192 i
390 1137 485 1215 atque
506 1137 522 1191 t
542 1137 575 1194 et
595 1126 609 1189 i
629 1126 695 1214 (sic
712 1127 780 1206 IX,
800 1127 850 1192 16.
871 1128 993 1192 statim
1014 1126 1136 1192 restitui
1158 1147 1196 1190 ex
1218 1148 1250 1190 sc
1271 1125 1400 1209 enim),

265 1213 350 1279 inter
368 1235 392 1278 n
414 1224 448 1279 et
471 1235 513 1290 u,
542 1212 624 1279 iuter
644 1235 680 1276 m
701 1222 734 1278 et
755 1212 793 1274 in
821 1209 868 1275 vel
890 1211 947 1290 iu,
976 1221 1009 1277 at
1032 1231 1071 1274 ue
1092 1233 1141 1274 nu
1162 1221 1195 1276 et
1216 1209 1284 1288 mi,
1312 1209 1400 1278 inter

265 1319 308 1362 ce
331 1307 364 1362 et
388 1319 424 1375 e,
456 1297 538 1363 inter
564 1319 588 1360 a
615 1305 648 1362 et
675 1319 699 1362 ιι
728 1294 832 1380 (unde
853 1295 950 1362 multa
974 1232 1132 1360 indicativi
1154 1304 1187 1360 et
1206 1295 1400 1362 coniunctiri

266 1381 447 1465 conlusio),
479 1379 616 1446 interii
643 1390 675 1445 et
699 1403 742 1458 u,
773 1377 899 1446 interd
924 1391 956 1446 et
977 1403 1010 1446 ιι.
1061 1378 1112 1445 Do
1140 1379 1273 1447 caeteris
1303 1378 1400 1466 plura

265 1466 375 1535 dicere
408 1487 479 1532 cum
514 1484 783 1550 supervacaneum
816 1464 969 1530 habeam:
1012 1462 1151 1531 ultimum
1183 1461 1270 1550 quod
1302 1465 1400 1552 posui

265 1553 384 1640 aliquot
413 1548 636 1615 demonstrabo
666 1548 833 1638 exemplis;
864 1549 895 1613 in
924 1549 1038 1637 quibus
1067 1561 1102 1616 ut
1128 1549 1161 1614 iu
1190 1551 1399 1636 sequentibus

264 1637 410 1702 omnibus
447 1635 634 1721 scripturam
670 1656 689 1699 a
723 1657 776 1700 me
811 1643 974 1724 receptam
1012 1646 1121 1713 recta,
1167 1631 1314 1700 codicum
1350 1635 1400 1701 vel
1427 1682 1431 1693 .

264 1721 405 1787 omnium
445 1717 493 1788 rel
521 1718 740 1806 xplurimorum
782 1729 871 1788 certe
906 1720 1055 1789 inclinata
1093 1718 1254 1788 literarum
1291 1719 1399 1790 forma

264 1805 422 1874 indicabo.

377 1918 486 1985 vl1,a.
510 1920 620 1973 servavit
691 1947 725 1960 -
778 1915 896 1972 servabit

375 1990 430 2055 IX,
455 1995 500 2042 89.
518 1991 672 2056 significabit
689 2019 724 2030 ·-
777 1987 944 2059 sigmflcavt'r

376 2061 442 2126 Vll,
459 2065 503 2114 63.
521 2063 618 2116 vibices
690 2090 726 2102 -
778 2061 876 2113 vicicco

376 2131 439 2195 Vll,
458 2136 502 2184 67.
519 2133 593 2186 boris
687 2162 724 2177 —
777 2129 851 2183 vobis

375 2201 448 2267 vm,
461 2207 504 2257 81.
521 2207 651 2258 Arvernus
689 2233 724 2245 -
778 2200 916 2256 osbernus.
951 2213 957 2219 '

263 2300 352 2454 ivilipc
368 2300 535 2454 eprmatur
573 2300 750 2382 correctio,
799 2317 894 2388 quam
935 2293 1065 2362 adhibui
1100 2295 1248 2366 Plautino
1289 2301 1398 2369 versui

332 2436 342 2469 ‚
411 2434 420 2452 .

375 2499 502 2554 obscoena
525 2500 624 2554 viscera
686 2529 727 2574 Ι--
781 2493 948 2550 obscoenolis
970 2512 1039 2550 cera.

375 2639 500 2706 Literas
527 2639 557 2703 in
582 2639 793 2726 antiquissimo
816 2635 928 2702 codice
954 2636 984 2701 in
1006 2634 1094 2702 initio
1116 2643 1148 2700 et
1171 2633 1234 2699 fine
1255 2636 1397 2702 vocabu-

262 2725 365 2790 lorum
394 2747 488 2812 quam
518 2724 650 2790 minimis
681 2723 788 2811 spatiis
817 2723 900 2789 inter
931 2745 967 2786 se
997 2720 1169 2787 disiunctas
1196 2719 1314 2801 luisse,
1356 2746 1397 2788 ex

262 2830 381 2896 magno
411 2831 541 2874 numero
571 2831 681 2874 eorum
710 2809 853 2874 locorum
881 2805 1002 2888 elucet,
1039 2807 1152 2894 quibus
1182 2818 1396 2874 consonantes

263 2918 284 2960 a
305 2896 369 2960 fine
394 2894 578 2972 verborum,
609 2893 722 2981 quibus
745 2892 979 2974 adhaerebant,
1012 2891 1138 2958 avolsae
1167 2902 1200 2957 et
1224 2912 1397 2979 perperam

262 2978 305 3044 ad
328 2979 469 3068 proxima
489 2979 641 3046 vocabula
661 2978 849 3060 translatae,
871 2977 920 3046 vel
936 2989 1073 3066 utroque
1087 2977 1159 3044 loco
1176 2977 1299 3064 positae
1311 2988 1396 3046 suut

261 3065 374 3132 Pauca
396 3089 435 3132 ex
456 3065 519 3133 hoc
540 3087 661 3153 genere
680 3088 806 3155 ponam.

375 3179 440 3244 Vll,
457 3183 501 3233 34.
525 3182 622 3247 nuptiis
640 3181 756 3232 camillus
772 3206 807 3218 -
842 3177 946 3248 nuptiis
964 3179 1102 3234 scamillos

374 3249 439 3314 Vll,
460 3254 503 3302 64.
529 3252 628 3304 abluis
646 3252 730 3306 obolis
773 3278 809 3290 -
844 3250 933 3303 sabini
951 3249 1047 3304 scholia

257 3347 262 3356 ·
374 3320 428 3385 VI,
457 3325 501 3372 37.
526 3337 578 3372 una
597 3322 636 3377 sin
771 3350 808 3362 -
843 3340 913 3374 unas
936 3321 965 3374 in

374 3391 429 3456 lx,
460 3395 505 3443 28.
527 3392 611 3458 pisces
632 3407 665 3442 an
689 3409 704 3444 e
773 3421 810 3434 ·-·
840 3394 928 3462 pisces
951 3411 1016 3445 sone

373 3461 431 3528 IX,
461 3465 505 3515 29.
522 3462 756 3526 similitudiuesint
771 3491 806 3504 -·
840 3464 1028 3517 statilianam
1050 3462 1134 3516 intra.

373 3607 473 3677 Multo
501 3611 603 3698 magis
639 3610 817 3676 necessaria
850 3613 960 3680 critico
992 3613 1023 3678 in
1053 3612 1102 3679 his
1135 3609 1219 3677 libris
1251 3609 1395 3678 officium

262 3689 387 3757 lacturo
412 3707 461 3761 est
487 3697 666 3762 observatio
694 3693 934 3777 vocabulorum,
966 3697 1159 3786 quaequod
1188 3698 1220 3763 in
1241 3696 1395 3784 antiquis-

261 3775 340 3840 simo
361 3778 473 3844 codice
495 3783 575 3850 notis
599 3783 663 3850 sive
681 3782 767 3868 siglis
787 3783 905 3870 scripta
923 3794 1029 3864 erant,
1050 3781 1246 3847 librariorum
1268 3781 1395 3849 inscitia

262 3863 395 3942 confusa
423 3877 504 3930 sunt.
555 3869 650 3955 Quod
681 3881 826 3934 notarum
853 3890 956 3954 genus
984 3868 1115 3955 nequis
1137 3890 1156 3932 a
1178 3865 1307 3946 codice,
1337 3867 1396 3952 qui

208 3974 212 3984 ·
260 3945 445 4016 Florentino
472 3954 624 4020 vetustior
652 3964 792 4020 atcerte
818 3966 892 4019 ante
911 3953 969 4020 XI.
990 3953 1151 4021 saeculum
1174 3953 1309 4040 scriptus
1331 3962 1394 4032 est,

262 4030 395 4101 alienum
425 4057 496 4100 esse
526 4048 631 4124 putet:
663 4039 758 4104 libros
787 4040 955 4126 rescriptos
979 4039 1011 4104 in
1040 4037 1185 4104 auxilium
1212 4035 1394 4126 appellasse

261 4118 378 4186 sufficit
400 4143 472 4200 eos,
502 4125 677 4212 exquibus
700 4125 772 4190 Gaii
792 4124 1005 4192 Institutiones
1029 4135 1062 4190 et
1082 4125 1281 4210 Fragmenta
1302 4121 1394 4188 Vati-

261 4223 340 4270 cana
369 4205 557 4294 deprompta
586 4221 667 4276 sunt.
729 4212 776 4278 Ac
805 4210 831 4276 si
860 4210 955 4278 ciuilis
983 4209 1170 4298 prudentiae
1200 4206 1394 4274 voluminum

260 4289 374 4358 notarii
395 4291 630 4380 compendiaria
649 4295 712 4361 hac
734 4295 892 4363 scribendi
912 4297 962 4365 via
982 4295 1086 4382 magis
1106 4297 1155 4364 usi
1177 4312 1266 4373 sunt,
1294 4313 1393 4378 quam

260 4376 313 4462 qui
348 4375 522 4465 eleganter
543 4379 685 4449 eruditis·
707 4379 909 4450 classicorum
939 4381 1126 4469 scriptorum
1157 4378 1253 4446 libros
1285 4389 1393 4444 traus-
