2864 4814
258 205 337 280 122
636 231 759 275 unere
800 209 1016 276 eserieie.

256 392 400 464 deinde:
635 461 640 484 ¹

606 499 647 566 V
644 497 791 566 ciconio
818 497 955 591 templa
981 491 1048 568 sub
1073 498 1163 589 ipsis
1264 505 1268 516 '

483 597 667 687 Collibus,
708 601 747 668 iu
774 621 865 693 quos
888 600 1033 668 delatus
1064 601 1162 668 locos
1226 663 1229 668 .

482 701 636 770 Dicitur
657 701 738 798 Xolto
764 701 811 772 ab
841 693 967 771 limine
993 702 1109 790 coeli,-

136 825 143 847 ·
254 808 309 870 ci:

479 899 618 974 Nemus
645 893 841 999 cupironie
863 927 1003 998 vapore
1028 905 1142 988 vides,
1243 896 1248 903 ’

485 1008 591 1076 Unde
616 1008 714 1101 iguis
740 1009 836 1076 cluet
861 1004 1079 1078 mortalibus
1105 999 1222 1074 cium*

477 1107 643 1180 Divisere.

189 1220 372 1312 ⁸23³,6Qnure
402 1222 489 1296 baec
517 1226 613 1324 quod
639 1237 735 1298 tesca
758 1224 863 1317 dixit,
901 1247 972 1296 non
992 1222 1137 1294 erravit:
1173 1245 1287 1319 neque
1313 1219 1378 1291 ideo
1420 1245 1421 1266 ³

194 1323 348 1424 &quod
370 1337 510 1419 sanctu,
539 1328 600 1400 sed
626 1327 742 1426 quod,
769 1325 830 1399 ubi
853 1326 1018 1424 mysteria
1042 1322 1153 1416 fiunt,
1182 1322 1375 1414 obtuentur,

252 1437 370 1498 tucscu
396 1426 501 1499 dicta.
674 1427 739 1501 ²12.
784 1428 925 1500 'fueri
955 1424 1025 1499 duo
1050 1425 1243 1524 significat,
1281 1449 1378 1495 unum

251 1526 295 1598 eb
322 1539 465 1626 aspectu
488 1540 527 1602 ut
550 1530 644 1624 dixi,
681 1531 774 1604 unde
796 1541 853 1604 est
876 1529 974 1602 Enni
997 1527 1104 1600 illud:

370 1653 492 1722 Tueor
515 1667 550 1723 te
575 1678 705 1741 senex,
734 1677 809 1748 pro
835 1652 1039 1749 Iuppiter!

250 1757 284 1819 et
296 1775 305 1817 z

365 1855 458 1942 Quis
476 1867 592 1950 poter
616 1868 682 1925 out
701 1827 881 1949 cognoras
902 1856 999 1926 volet
1020 1877 1088 1923 nos
1109 1863 1242 1940 contro
1264 1847 1381 1920 tueri?

147 2041 149 2051 ,
207 1964 417 2042 erAlterum
442 1997 463 2044 u
488 1974 642 2048 curando
667 1999 709 2045 ec
735 1973 862 2069 inula,
898 1985 939 2046 ut
963 1999 1043 2047 curn
1066 1972 1213 2046 dicimus
1238 1975 1379 2044 Bellum

178 2093 245 2161 (ee)
256 2087 378 2165 tueor,
420 2084 455 2146 et
489 2082 586 2148 tueri
618 2081 764 2168 villam,
799 2101 820 2148 a
853 2103 924 2176 quo
956 2077 1058 2148 eriam
1094 2075 1234 2172 quidam
1267 2073 1381 2146 dicunt

191 2171 350 2268 ossillum
374 2177 436 2274 qui
461 2188 562 2250 curat
585 2177 688 2252 aedes
710 2203 848 2274 sacras,
884 2177 1135 2269 aedituum,
1173 2201 1244 2248 non
1269 2176 1379 2248 aedi·

251 2285 426 2350 tomum.
493 2279 567 2354 Sed
600 2292 716 2354 iumen
747 2280 815 2354 hoc
849 2283 963 2380 ipsum
994 2279 1038 2353 nb
1071 2278 1190 2351 eudem
1222 2287 1275 2350 cst
1308 2303 1380 2376 pro·
1420 2261 1422 2362 i

249 2374 378 2450 fectum
404 2381 557 2482 origine,
594 2382 709 2482 quod,
745 2407 849 2481 quem
883 2380 1044 2456 volumus
1070 2380 1211 2453 domum
1247 2404 1377 2472 curare,

250 2478 419 2555 dicimus:
465 2489 520 2558 Tu
546 2490 647 2558 domi
668 2489 827 2579 videbis,
859 2496 900 2559 ut
923 2486 1085 2558 Plautus·
1100 2508 1181 2556 cum
1202 2482 1270 2554 ait:
1293 2507 1297 2516 ’

250 2689 335 2735 ortum
353 2682 464 2740 fortasse
482 2703 516 2740 ex
535 2687 642 2739 casteis.
761 2687 877 2754 Deinde]
893 2688 924 2742 F.
961 2687 1022 2738 dein
1039 2687 1101 2741 GH.
1121 2693 1149 2740 et
1166 2676 1207 2740 eb‘.
1230 2693 1261 2738 ut
1278 2685 1379 2750 videtur.

251 2753 394 2820 Volcania]
412 2757 437 2809 b.
462 2765 492 2811 ut
508 2759 625 2824 videtur,
645 2759 713 2810 sicut
729 2775 773 2826 vg.
809 2759 937 2830 vulganio
955 2759 1057 2812 Furia.
1224 2757 1327 2824 limine]
1343 2773 1379 2823 vg.

247 2823 347 2875 lumine
365 2827 440 2880 codd.
466 2835 473 2846 ‘
590 2831 694 2896 nemus]
712 2831 772 2882 boni
790 2831 866 2883 codd.
904 2830 1005 2882 moins
1029 2829 1086 2883 cod.
1108 2829 1241 2884 Guelferb.
1285 2829 1380 2880 Neuius

248 2895 289 2948 ed.
310 2897 391 2963 princ.
404 2915 463 2952 cum
477 2899 535 2952 cod.
548 2900 685 2968 Lipsiensi.
722 2902 858 2968 Naevius,
884 2907 915 2955 ut
933 2919 991 2969 vg.,
1017 2902 1074 2955 cod.
1089 2901 1121 2953 B.
1234 2898 1379 2969 expirante]

247 2967 322 3020 Fur.
359 2988 392 3020 ex
406 2971 503 3040 plante
522 2971 548 3024 b.
583 2973 738 3040 exspirante
754 2973 790 3026 H.
958 2972 1040 3045 ignis]
1059 2973 1180 3027 vestran.
1215 2970 1293 3042 ignes
1311 2971 1378 3024 codd.

248 3037 332 3104 cluet]
350 3042 410 3096 Ald.
429 3049 456 3096 et
474 3043 499 3099 b.
531 3049 561 3096 ut
585 3044 694 3096 videtur.
744 3043 833 3096 elaver
857 3044 957 3097 roua.
1007 3044 1084 3113 Apud
1102 3044 1271 3108 Ciceronem,
1306 3044 1377 3095 Tine.

250 3110 352 3176 uispur.
370 3115 405 3178 II,
424 3120 476 3182 10,
495 3131 529 3168 ex
547 3115 638 3169 eodem
656 3117 715 3169 loco
732 3118 845 3184 Acciano
863 3123 953 3169 extant
972 3113 1050 3170 haee:
1074 3115 1145 3167 unde
1162 3114 1232 3183 ignis
1251 3114 1324 3165 lucet
1339 3114 1380 3180 (ιιΙ.

250 3181 326 3232 codd.
344 3183 446 3252 elucet)
465 3187 624 3247 mortalibus
643 3187 711 3238 ciam
730 3187 842 3239 divisus.
968 3186 1061 3253 ciom*]
1082 3203 1116 3240 ex
1134 3186 1261 3238 Cicerone
1279 3186 1380 3238 addide-

250 3259 310 3318 ruut
328 3254 476 3323 Victorius,
497 3258 649 3324 Turnebus,
667 3262 719 3314 alii.
742 3275 793 3313 om.
813 3258 888 3311 codd.
1003 3257 1116 3325 divisus]
1135 3256 1281 3312 Turnebus.
1320 3257 1381 3309 divis

250 3325 326 3376 codd.
484 3329 565 3399 quod]
584 3347 607 3382 a.
644 3349 694 3400 que
710 3332 734 3386 b.
773 3348 825 3402 quo
841 3336 902 3384 cett.
921 3327 996 3383 codd.
1086 3325 1110 3398 Ἰ
1133 3329 1302 3396 attuenrnr‘]
1322 3329 1380 3382 coni.

249 3396 321 3448 Idem
340 3399 445 3451 verbum
465 3416 541 3469 supra
559 3403 583 3466 ἓ.
601 3408 626 3454 7.
645 3409 814 3470 usurpaverat
831 3395 937 3455 varro!
967 3409 1018 3451 nur
1037 3408 1149 3450 tuentur
1165 3399 1241 3453 codd.
1282 3399 1382 3451 initiati

193 3515 198 3525 ,
250 3477 377 3528 tuentur,
400 3472 581 3539 corrigendum
598 3479 673 3541 putat
690 3475 852 3527 Hermeunus
869 3474 902 3526 de
919 3471 1012 3526 Aesch.
1030 3471 1097 3525 Phil.
1117 3489 1142 3540 p.
1154 3475 1214 3523 125.
1421 3515 1423 3592 4

362 3577 411 3641 12.
437 3589 521 3657 Eum]
538 3589 638 3658 scripsi.
673 3589 746 3640 eunii
762 3607 787 3642 ιι.
823 3588 892 3639 enim
910 3589 971 3641 GH.
1007 3606 1026 3638 n
1042 3588 1073 3640 F.
1104 3602 1154 3639 om.
1171 3587 1197 3638 b.
1241 3586 1379 3654 Fragmen-
1422 3593 1423 3616 i

248 3667 302 3713 turn
321 3661 446 3730 nu'sqnem
464 3662 566 3714 videtur
583 3663 610 3715 in
629 3659 744 3726 ordinem
761 3661 938 3713 Ennianornm
956 3667 1091 3728 receptum
1111 3675 1177 3710 esse.
1318 3659 1378 3728 Quis
1422 3707 1423 3724 ,

247 3735 335 3799 poter]
354 3751 387 3788 ex
404 3715 482 3787 Iinnii
499 3735 648 3787 Annalibus.
684 3732 723 3785 Ad
746 3739 848 3799 raptum
866 3733 1020 3785 Sabinarum
1043 3731 1132 3783 retulit
1155 3732 1187 3784 P.
1206 3729 1318 3783 Merula.
1350 3729 1377 3782 V.
1422 3765 1423 3804 ,

248 3804 306 3857 Lib.
320 3805 341 3856 l.
361 3823 386 3856 v.
403 3811 464 3860 131.
489 3822 515 3873 p.
531 3809 575 3858 28.
602 3807 628 3858 in
653 3804 731 3857 Ennii
753 3805 844 3857 Annei.
870 3803 962 3871 fragm.
981 3802 1021 3855 ed.
1040 3802 1073 3856 E.
1092 3803 1121 3854 S.
1279 3800 1378 3852 Bellum
1422 3808 1423 3838 ι

247 3878 335 3942 tueor]
353 3877 385 3930 F.
427 3876 479 3927 hell
494 3877 529 3929 H.
550 3884 577 3929 et
594 3894 635 3943 ιι.,
658 3878 702 3929 ille
720 3892 778 3930 cum
794 3878 893 3930 lacuna.
930 3873 1045 3926 beleum
1064 3875 1155 3926 ldcune
1173 3871 1198 3926 b.
1234 3871 1340 3924 Lacuna
1356 3874 1377 3923 ἰι

140 3987 156 4010 ,,
247 3947 282 3996 G.
384 3949 556 4013 aeditomum]
573 3949 647 4002 codd.
666 3949 713 4001 nisi
731 3948 800 4017 quod
818 3947 953 3997 editorrum
970 3954 1012 3998 est
1028 3948 1054 3998 in
1068 3946 1094 3998 b.
1130 3945 1171 3996 Ab
1186 3931 1224 3994 iris
1239 3942 1377 3996 desciscere
1422 3973 1423 4018 3

247 4033 297 4068 non
315 4035 372 4073 snm
389 4037 483 4086 rusus,
507 4037 651 4087 quanquam
670 4023 781 4074 animum
801 4018 922 4071 inducere
939 4034 1055 4085 nequeo,
1082 4022 1111 4067 ut
1129 4016 1232 4068 credam
1250 4015 1376 4067 Romanos

249 4105 360 4162 uuquam
386 4095 423 4145 sic
445 4081 504 4145 'esse
528 4094 638 4145 locutos.
683 4094 847 4144 Aedirnmus
872 4091 938 4142 euim
962 4097 1003 4144 est
1027 4104 1073 4157 pro
1099 4087 1238 4151 aeditimo,
1265 4088 1376 4152 quodne
1422 4119 1423 4134 ι

248 4163 331 4232 (ormo
353 4164 450 4216 dictum
481 4168 522 4217 est
544 4179 593 4230 que
613 4163 751 4231 finitimus
776 4170 803 4216 et
820 4161 974 4232 legitimum
1003 4168 1081 4227 etque
1099 4158 1148 4211 hoc
1166 4175 1198 4223 u,
1224 4159 1294 4225 quod
1313 4159 1375 4228 proi

250 4233 357 4300 dicitur,
386 4251 436 4286 nou
463 4236 566 4288 memini
591 4238 683 4288 mutari
709 4240 786 4290 etium
810 4236 835 4286 iu
860 4252 884 4286 ο.
935 4235 975 4288 Gi.
1001 4236 1085 4285 Varro
1109 4232 1141 4282 nd
1168 4231 1324 4284 Marcellum
1347 4230 1374 4281 de

252 4308 311 4360 Lat.
331 4321 450 4360 sermone
476 4325 516 4375 np.
537 4308 651 4360 Gellium
668 4309 734 4372 ΧΠ,
756 4315 798 4363 10.
823 4306 856 4358 de
874 4307 907 4359 R.
927 4307 960 4360 R.
981 4307 1009 4371 1,
1028 4301 1106 4358 2.'et
1131 4318 1206 4372 supra
1225 4305 1258 4367 V,
1276 4307 1320 4356 50.
1338 4306 1374 4356 52.
