2874 4804
497 231 532 330 t·
562 247 609 326 72
634 271 683 288 ·-
704 248 767 324 79.
806 249 807 256 ¹
1119 233 1197 308 ‘tot
1317 303 1322 314 ,

68 420 169 516 sequi
190 414 293 490 debet
314 416 480 516 populns,
509 415 697 489 secundam
717 443 838 491 omues
862 421 992 520 singuli
1014 447 1034 492 e
1054 422 1197 520 populo,

68 523 203 594 tertiam
219 528 362 618 potitae.
480 515 547 590 75.
576 518 678 592 Haec
704 517 903 618 diligentius
925 547 1031 620 quam
1050 526 1201 621 apertius

67 623 160 696 dicta
191 647 266 695 esse
298 619 468 714 arbitror,
508 619 571 692 sed
603 645 674 692 nou
706 619 912 716 obscurius,
951 647 1057 721 qnam
1087 623 1131 696 de
1162 651 1202 698 re

67 724 173 796 simili
210 722 427 795 definitiones
462 723 767 821 grammaticorum
801 734 905 816 sunt,
946 736 986 797 ut
1022 720 1197 819 Aristeae,
1211 759 1260 804 sar

65 822 304 916 Aristodemi,
341 823 531 916 Aristocli,
566 827 649 896 item
674 824 842 918 aliorum,
870 853 1020 924 quorum
1043 819 1262 900 obscuri-‘—

64 939 153 1000 tates
173 953 214 999 ec
236 928 350 998 minus
370 924 686 1024 reprehendendae,
713 927 806 1023 quod
826 927 1011 1025 pleraeque
1031 928 1201 1002 delinitio·

63 1055 128 1102 nes
148 1055 188 1102 re
215 1029 389 1128 incognita
417 1040 557 1126 propter
579 1054 750 1100 summam
779 1027 982 1102 brevitatem
1008 1057 1079 1104 nou
1099 1030 1203 1103 facile

64 1132 346 1228 perspiciuntur,
387 1131 454 1202 nisi
480 1130 687 1202 articulatim
714 1133 785 1202 sint
809 1130 1011 1227 explicatae.
1131 1129 1199 1204 76.

64 1232 187 1323 Quare
225 1232 337 1330 magis
371 1229 574 1329 apparebit,
618 1234 649 1303 si
682 1235 747 1303 erit
781 1244 939 1330 apertum
974 1232 1018 1305 dc
1053 1234 1201 1332 singulis

63 1332 244 1432 partibus:
284 1332 370 1430 quid
401 1333 536 1406 dicatur
561 1331 729 1425 verbum,
765 1334 850 1432 quid
876 1333 1064 1407 similitudo
1088 1333 1200 1428 verbi,

63 1435 152 1534 quid
176 1433 382 1532 declinatio,
417 1435 504 1532 quid
528 1434 716 1508 similitudo
740 1435 980 1508 declinationis
1002 1463 1072 1509 non
1098 1463 1202 1535 repu-

61 1547 194 1635 gnante
220 1536 469 1610 consuetudine
501 1539 696 1628 cummuni,
734 1537 819 1634 qnid
845 1563 889 1610 ex
913 1538 1064 1635 quadam
1088 1550 1198 1634 parte.

64 1636 134 1709 77.
173 1636 331 1712 Verbum
365 1637 445 1711 dieo
480 1639 643 1712 orationis
674 1638 805 1710 vocalis
840 1650 995 1737 partem,
1033 1664 1123 1738 quac
1156 1641 1202 1710 sit

62 1740 214 1813 indivisa
239 1751 274 1812 et
298 1741 460 1834 minima,
493 1743 526 1812 si
553 1739 818 1840 declinationem
843 1743 1034 1813 naturalem
1060 1739 1198 1812 babeat.
1267 1765 1273 1777 ·

62 1841 189 1916 Simile
214 1851 270 1914 est
293 1840 438 1914 verbum
462 1840 570 1915 verbo
595 1852 690 1934 tum,
719 1868 824 1939 quom
850 1852 886 1913 et
909 1868 1071 1941 requam
1093 1843 1264 1940 signi-rso

61 1944 169 2034 fleat,
202 1954 236 2016 et
259 1969 346 2017 voce
370 1970 440 2041 qna
463 1944 659 2042 significat,
694 1956 728 2015 et
752 1946 790 2014 in
813 1943 927 2042 ligura
952 1946 1116 2016 transitus
1140 1943 1199 2016 de·

62 2046 262 2119 clinationis
295 2046 417 2144 parile.
477 2045 676 2118 Declinatio
701 2055 777 2138 est,
814 2072 918 2142 quom
953 2072 995 2118 ex
1026 2043 1133 2118 verbu
1162 2046 1220 2137 in,

62 2145 231 2240 verbnm,
269 2159 330 2220 aut
363 2173 407 2218 ex
440 2145 538 2218 verbi
571 2147 791 2242 discrimine,
829 2159 867 2219 ut
900 2157 1066 2220 transeat·
1087 2172 1258 2248 ¹¹¹⁰sser

61 2251 164 2323 vocis
197 2250 419 2322 commutatio
449 2246 490 2319 fit
519 2248 648 2345 aliqua.
710 2246 909 2320 Similitudo
942 2249 1194 2340 declinationis,
1208 2276 1277 2338 142)

61 2377 172 2449 quum
196 2353 278 2424 item
308 2377 351 2422 ex
384 2348 500 2446 aliqua
524 2348 638 2448 ligura
669 2350 719 2420 in·
734 2347 882 2446 liguram
914 2352 1058 2441 transit,
1094 2359 1133 2421 ut
1161 2349 1198 2420 id

61 2455 191 2525 transit
223 2479 305 2526 cunr
329 2477 400 2548 quo
431 2451 624 2524 confertur.
798 2446 866 2521 78.
908 2444 1098 2521 Adiectum
1122 2461 1195 2520 est:

59 2583 135 2628 non
160 2563 374 2654 repugnante
399 2553 648 2626 consuetudine
673 2553 868 2645 communi,
904 2551 999 2649 qnod
1026 2549 1199 2648 quaedam
1306 2603 1315 2630 ,

60 2655 172 2729 verba
193 2667 315 2728 eontra
339 2683 440 2744 usum
465 2667 616 2727 veterem
638 2652 803 2726 inclinata
828 2654 996 2751 patietur,
1030 2662 1070 2724 ut
1092 2678 1197 2750 passa

58 2761 292 2832 Hortensium
316 2758 430 2830 dicere
454 2758 604 2854 probae
627 2756 849 2848 cervices,
878 2756 1053 2846 cervix;
1089 2781 1196 2852 quae·

59 2861 144 2932 dam
172 2886 264 2954 non,
300 2871 340 2931 ut
364 2861 395 2930 si
423 2858 519 2930 dicas
549 2886 614 2958 pro
640 2859 815 2951 fauces,
853 2856 949 2929 faux.
1003 2856 1075 2929 Ubi
1098 2856 1195 2927 addi·

58 2975 141 3054 tur,
168 2988 218 3056 ex·
234 2961 384 3060 quadam
406 2972 525 3058 parte,
561 2959 734 3059 significat
758 2985 828 3031 non
851 2985 926 3030 csse
950 2960 987 3028 in
1012 2969 1195 3029 consuetu·

59 3063 144 3136 dine
176 3065 214 3136 in
244 3063 301 3136 his
327 3060 443 3136 verbis
468 3062 580 3135 omnis
604 3063 736 3161 partis,
771 3068 811 3132 ut
842 3059 1052 3131 declinatum
1078 3084 1193 3152 amo,

57 3169 193 3262 inv03
232 3192 373 3259 amor,
405 3167 551 3238 iuver.
1020 3227 1023 3234 .

128 3305 130 3312 ·
165 3276 233 3354 79.
271 3279 370 3374 Quid
392 3279 567 3355 videretur
592 3275 752 3376 analogia
773 3275 812 3346 iu
836 3276 1012 3370 oratione,
1047 3285 1082 3348 et
1107 3272 1229 3371 quas5

173 3470 228 3536 75·
257 3485 401 3556 Aristoelz]
425 3487 467 3539 De
489 3482 539 3538 boc
563 3483 661 3537 dictum
685 3479 725 3546 X,
750 3486 793 3536 10.
836 3480 941 3546 Reliqui
969 3478 1021 3533 duo
1045 3474 1197 3530 Aristarchii

58 3558 225 3627 grammatici
249 3575 307 3612 esse
328 3560 454 3612 videntur.
586 3554 654 3624 sint]
673 3553 750 3608 GHa.
787 3561 851 3605 sunt
870 3551 901 3605 F.
983 3555 989 3568 '
1034 3547 1196 3618 explicatae]

58 3631 210 3699 Scioppius.
245 3629 382 3699 explicata
404 3630 480 3682 codd.

108 3821 119 3868 t
152 3731 227 3872 dini·
249 3745 382 3817 apertum]
399 3747 466 3800 coni.
503 3751 595 3814 aperta
614 3741 690 3795 codd.
724 3742 834 3810 Aperite
851 3739 884 3792 de
902 3739 987 3806 aliqua
1004 3753 1034 3790 re
1051 3735 1100 3790 hcc
1118 3749 1196 3788 sensu

58 3833 135 3872 rece
178 3835 201 3870 er
215 3835 254 3870 nr.

172 3920 225 3986 77.
250 3932 342 3986 Simile
358 3931 411 3998 rat]
436 3933 511 4002 posui
533 3931 658 3984 suadente
675 3929 825 4000 Spengelio.
844 3917 973 3977 'similem
991 3922 1065 3977 codd.
1155 3921 1194 3986 re]

60 4005 130 4058 coni.
150 4007 252 4076 scripsi.
288 4024 331 4058 res
351 4005 426 4058 codd.
501 4015 504 4022 ’
557 4004 631 4067 voce]
649 4003 749 4069 scripsi.
792 4016 881 4051 vocem
899 3997 974 4050 codd.
1094 3993 1134 4060 et]
1153 4009 1193 4060 vg.

58 4085 104 4130 est
122 4077 197 4131 codd.
311 4073 457 4140 transitus]
476 4090 501 4128 a.
543 4073 691 4125 transitum
709 4073 739 4124 F.
782 4069 903 4122 transitu
922 4070 955 4122 G.
992 4073 1113 4118 tramun
1130 4065 1166 4118 H.

174 4187 227 4253 78.
252 4199 376 4267 veterem]
394 4209 513 4252 veterum
530 4215 555 4253 a.
644 4194 832 4261 Hortensium]
857 4194 890 4248 cs.
909 4192 986 4257 Vlll,
1005 4193 1048 4243 14.
1133 4187 1195 4254 bae]

61 4275 129 4327 roni.
153 4273 235 4328 lleur.
253 4270 407 4340 Stephanus.
455 4273 507 4322 lmc
524 4271 549 4323 si
567 4269 643 4325 codd.
687 4268 738 4321 has
754 4284 797 4334 vg.
929 4260 1012 4316 omnis
1027 4259 1129 4333 partia]
1145 4261 1195 4311 Ga.

62 4363 151 4398 cineres
168 4355 262 4414 partes
280 4344 338 4398 ΕΗ.
452 4341 527 4410 iuro]
545 4339 679 4408 etiamr]
697 4339 757 4395 vivo
776 4345 803 4394 et
820 4335 896 4390 viror
917 4335 993 4391 titia.
