<?xml version="1.0" encoding="UTF-8"?>
<!DOCTYPE html PUBLIC "-//W3C//DTD XHTML 1.0 Transitional//EN"
    "http://www.w3.org/TR/xhtml1/DTD/xhtml1-transitional.dtd">
<html xmlns="http://www.w3.org/1999/xhtml" xml:lang="en" lang="en">
 <head>
  <title>
</title>
<meta http-equiv="Content-Type" content="text/html;charset=utf-8" />
  <meta name='ocr-system' content='tesseract 3.04.00' />
  <meta name='ocr-capabilities' content='ocr_page ocr_carea ocr_par ocr_line ocrx_word'/>
</head>
<body>
  <div class='ocr_page' id='page_1' title='image "./mterentivarroni00mlgoog/mterentivarroni00mlgoog_0100.png"; bbox 0 0 2864 4814; ppageno 0'>
   <div class='ocr_carea' id='block_1_1' title="bbox 285 201 1016 290">
    <p class='ocr_par' dir='ltr' id='par_1_1' title="bbox 285 201 1016 290">
     <span class='ocr_line' id='line_1_1' title="bbox 285 201 1016 290; baseline -0.001 -14"><span class='ocrx_word' id='word_1_1' title='bbox 285 201 338 276; x_wconf 65' lang='lat'><strong>⁴2</strong></span> <span class='ocrx_word' id='word_1_2' title='bbox 474 229 480 238; x_wconf 87' lang='lat'><em>·</em></span> <span class='ocrx_word' id='word_1_3' title='bbox 670 233 790 278; x_wconf 80' lang='lat' dir='ltr'><strong>nrnrn</strong></span> <span class='ocrx_word' id='word_1_4' title='bbox 825 231 1016 290; x_wconf 72' lang='lat' dir='ltr'><strong>corrasus.</strong></span> 
     </span>
    </p>
   </div>
   <div class='ocr_carea' id='block_1_2' title="bbox 292 383 1427 488">
    <p class='ocr_par' dir='ltr' id='par_1_2' title="bbox 292 383 1427 488">
     <span class='ocr_line' id='line_1_2' title="bbox 292 383 1427 488; baseline 0.003 -27"><span class='ocrx_word' id='word_1_5' title='bbox 292 392 347 463; x_wconf 78' lang='lat' dir='ltr'><strong>vel</strong></span> <span class='ocrx_word' id='word_1_6' title='bbox 369 388 460 488; x_wconf 87' lang='lat' dir='ltr'><strong>qnod</strong></span> <span class='ocrx_word' id='word_1_7' title='bbox 479 394 526 462; x_wconf 87' lang='lat' dir='ltr'><strong>ita</strong></span> <span class='ocrx_word' id='word_1_8' title='bbox 537 391 685 482; x_wconf 85' lang='lat' dir='ltr'><strong>Gracci,</strong></span> <span class='ocrx_word' id='word_1_9' title='bbox 703 391 769 464; x_wconf 84' lang='lat' dir='ltr'><strong>.ch</strong></span> <span class='ocrx_word' id='word_1_10' title='bbox 793 390 836 462; x_wconf 83' lang='lat' dir='ltr'><strong>ab</strong></span> <span class='ocrx_word' id='word_1_11' title='bbox 855 415 896 463; x_wconf 88' lang='lat' dir='ltr'><strong>co</strong></span> <span class='ocrx_word' id='word_1_12' title='bbox 916 389 1007 462; x_wconf 74' lang='lat' dir='ltr'><strong>undo</strong></span> <span class='ocrx_word' id='word_1_13' title='bbox 1029 387 1149 462; x_wconf 82' lang='lat' dir='ltr'><strong>scribit</strong></span> <span class='ocrx_word' id='word_1_14' title='bbox 1163 383 1395 486; x_wconf 78' lang='lat' dir='ltr'><strong>Apollodorus</strong></span> <span class='ocrx_word' id='word_1_15' title='bbox 1426 415 1427 418; x_wconf 70' lang='grc'>’</span> 
     </span>
    </p>
   </div>
   <div class='ocr_carea' id='block_1_3' title="bbox 212 491 1427 2610">
    <p class='ocr_par' dir='ltr' id='par_1_3' title="bbox 212 491 1427 2610">
     <span class='ocr_line' id='line_1_3' title="bbox 285 491 1393 591; baseline -0.002 -25"><span class='ocrx_word' id='word_1_16' title='bbox 285 494 375 591; x_wconf 82' lang='lat' dir='ltr'><strong>quod</strong></span> <span class='ocrx_word' id='word_1_17' title='bbox 402 496 448 564; x_wconf 88' lang='lat' dir='ltr'><strong>ita</strong></span> <span class='ocrx_word' id='word_1_18' title='bbox 472 504 569 565; x_wconf 88' lang='lat' dir='ltr'><strong>sonct</strong></span> <span class='ocrx_word' id='word_1_19' title='bbox 592 519 696 590; x_wconf 89' lang='lat' dir='ltr'><strong>quom</strong></span> <span class='ocrx_word' id='word_1_20' title='bbox 721 517 829 589; x_wconf 80' lang='lat' dir='ltr'><strong>aquae</strong></span> <span class='ocrx_word' id='word_1_21' title='bbox 855 491 999 564; x_wconf 80' lang='lat' dir='ltr'><strong>ferventi</strong></span> <span class='ocrx_word' id='word_1_22' title='bbox 1021 492 1190 588; x_wconf 79' lang='lat' dir='ltr'><strong>incipitur.</strong></span> <span class='ocrx_word' id='word_1_23' title='bbox 1245 492 1393 585; x_wconf 89' lang='lat' dir='ltr'><strong>Panis,</strong></span> 
     </span>
     <span class='ocr_line' id='line_1_4' title="bbox 285 592 1393 692; baseline 0.001 -28"><span class='ocrx_word' id='word_1_24' title='bbox 285 594 378 692; x_wconf 88' lang='lat' dir='ltr'><strong>quod</strong></span> <span class='ocrx_word' id='word_1_25' title='bbox 403 596 512 691; x_wconf 90' lang='lat' dir='ltr'><strong>primo</strong></span> <span class='ocrx_word' id='word_1_26' title='bbox 536 594 646 692; x_wconf 73' lang='lat' dir='ltr'><strong>ligura</strong></span> <span class='ocrx_word' id='word_1_27' title='bbox 679 593 866 684; x_wconf 80' lang='lat' dir='ltr'><strong>faciebant,</strong></span> <span class='ocrx_word' id='word_1_28' title='bbox 904 603 942 664; x_wconf 91' lang='lat' dir='ltr'><strong>ut</strong></span> <span class='ocrx_word' id='word_1_29' title='bbox 974 592 1130 664; x_wconf 81' lang='lat' dir='ltr'><strong>mulieres</strong></span> <span class='ocrx_word' id='word_1_30' title='bbox 1163 593 1201 662; x_wconf 92' lang='lat' dir='ltr'><strong>iu</strong></span> <span class='ocrx_word' id='word_1_31' title='bbox 1233 592 1393 684; x_wconf 87' lang='lat' dir='ltr'><strong>lanilicio,</strong></span> 
     </span>
     <span class='ocr_line' id='line_1_5' title="bbox 285 692 1427 793; baseline -0.001 -26"><span class='ocrx_word' id='word_1_32' title='bbox 285 721 394 792; x_wconf 75' lang='lat' dir='ltr'><strong>[nnus</strong></span> <span class='ocrx_word' id='word_1_33' title='bbox 406 723 419 788; x_wconf 50' lang='lat'><strong>3¹</strong></span> <span class='ocrx_word' id='word_1_34' title='bbox 454 705 572 790; x_wconf 84' lang='lat' dir='ltr'><strong>postca</strong></span> <span class='ocrx_word' id='word_1_35' title='bbox 596 698 628 766; x_wconf 87' lang='lat' dir='ltr'><strong>ci</strong></span> <span class='ocrx_word' id='word_1_36' title='bbox 659 694 787 793; x_wconf 71' lang='lat' dir='ltr'><strong>figuras</strong></span> <span class='ocrx_word' id='word_1_37' title='bbox 820 695 932 766; x_wconf 83' lang='lat' dir='ltr'><strong>lacero</strong></span> <span class='ocrx_word' id='word_1_38' title='bbox 963 695 1183 766; x_wconf 85' lang='lat' dir='ltr'><strong>instituerunt</strong></span> <span class='ocrx_word' id='word_1_39' title='bbox 1212 692 1308 766; x_wconf 86' lang='lat' dir='ltr'><strong>alias.</strong></span> <span class='ocrx_word' id='word_1_40' title='bbox 1361 693 1396 766; x_wconf 83' lang='lat' dir='ltr'><strong>A</strong></span> <span class='ocrx_word' id='word_1_41' title='bbox 1426 771 1427 776; x_wconf 52' lang='grc'>,</span> 
     </span>
     <span class='ocr_line' id='line_1_6' title="bbox 286 794 1395 892; baseline -0.002 -24"><span class='ocrx_word' id='word_1_42' title='bbox 286 823 374 892; x_wconf 87' lang='lat' dir='ltr'><strong>panc</strong></span> <span class='ocrx_word' id='word_1_43' title='bbox 404 807 438 867; x_wconf 87' lang='lat' dir='ltr'><strong>ct</strong></span> <span class='ocrx_word' id='word_1_44' title='bbox 473 795 629 868; x_wconf 80' lang='lat' dir='ltr'><strong>faciendo</strong></span> <span class='ocrx_word' id='word_1_45' title='bbox 661 795 935 892; x_wconf 76' lang='lat' dir='ltr'><strong>panificium</strong></span> <span class='ocrx_word' id='word_1_46' title='bbox 968 805 1125 892; x_wconf 88' lang='lat' dir='ltr'><strong>coeptum</strong></span> <span class='ocrx_word' id='word_1_47' title='bbox 1160 794 1240 868; x_wconf 91' lang='lat' dir='ltr'><strong>dici.</strong></span> <span class='ocrx_word' id='word_1_48' title='bbox 1301 795 1395 866; x_wconf 85' lang='lat' dir='ltr'><strong>Hinc</strong></span> 
     </span>
     <span class='ocr_line' id='line_1_7' title="bbox 242 895 1393 994; baseline 0 -27"><span class='ocrx_word' id='word_1_49' title='bbox 242 898 546 994; x_wconf 67' lang='lat' dir='ltr'><strong>:spanni-ium,</strong></span> <span class='ocrx_word' id='word_1_50' title='bbox 586 896 648 968; x_wconf 91' lang='lat' dir='ltr'><strong>ubi</strong></span> <span class='ocrx_word' id='word_1_51' title='bbox 677 897 713 968; x_wconf 92' lang='lat' dir='ltr'><strong>id</strong></span> <span class='ocrx_word' id='word_1_52' title='bbox 745 895 950 990; x_wconf 74' lang='lat' dir='ltr'><strong>servabant5</strong></span> <span class='ocrx_word' id='word_1_53' title='bbox 995 897 1084 966; x_wconf 89' lang='lat' dir='ltr'><strong>sicut</strong></span> <span class='ocrx_word' id='word_1_54' title='bbox 1116 897 1393 993; x_wconf 76' lang='lat' dir='ltr'><strong>granarium,</strong></span> 
     </span>
     <span class='ocr_line' id='line_1_8' title="bbox 224 996 1394 1094; baseline -0.003 -23"><span class='ocrx_word' id='word_1_55' title='bbox 224 1031 271 1071; x_wconf 82' lang='lat' dir='ltr'><strong>ros</strong></span> <span class='ocrx_word' id='word_1_56' title='bbox 287 997 347 1068; x_wconf 91' lang='lat' dir='ltr'><strong>ubi</strong></span> <span class='ocrx_word' id='word_1_57' title='bbox 371 1024 515 1094; x_wconf 71' lang='lat' dir='ltr'><strong>granum</strong></span> <span class='ocrx_word' id='word_1_58' title='bbox 539 997 699 1070; x_wconf 80' lang='lat' dir='ltr'><strong>frumenti</strong></span> <span class='ocrx_word' id='word_1_59' title='bbox 725 997 933 1069; x_wconf 86' lang='lat' dir='ltr'><strong>condebant:</strong></span> <span class='ocrx_word' id='word_1_60' title='bbox 967 996 1059 1068; x_wconf 89' lang='lat' dir='ltr'><strong>undo</strong></span> <span class='ocrx_word' id='word_1_61' title='bbox 1081 996 1118 1067; x_wconf 90' lang='lat' dir='ltr'><strong>id</strong></span> <span class='ocrx_word' id='word_1_62' title='bbox 1146 997 1293 1069; x_wconf 87' lang='lat' dir='ltr'><strong>dictum:</strong></span> <span class='ocrx_word' id='word_1_63' title='bbox 1331 1000 1394 1068; x_wconf 92' lang='lat' dir='ltr'><strong>nisi</strong></span> 
     </span>
     <span class='ocr_line' id='line_1_9' title="bbox 230 1087 1394 1202; baseline -0.003 -30"><span class='ocrx_word' id='word_1_64' title='bbox 230 1087 328 1172; x_wconf 47' lang='lat' dir='ltr'><strong>*ab</strong></span> <span class='ocrx_word' id='word_1_65' title='bbox 354 1125 394 1170; x_wconf 90' lang='lat' dir='ltr'><strong>co</strong></span> <span class='ocrx_word' id='word_1_66' title='bbox 418 1100 512 1195; x_wconf 87' lang='lat' dir='ltr'><strong>quod</strong></span> <span class='ocrx_word' id='word_1_67' title='bbox 537 1098 662 1172; x_wconf 88' lang='lat' dir='ltr'><strong>Graeci</strong></span> <span class='ocrx_word' id='word_1_68' title='bbox 687 1098 723 1169; x_wconf 87' lang='lat' dir='ltr'><strong>id</strong></span> <span class='ocrx_word' id='word_1_69' title='bbox 748 1096 933 1202; x_wconf 67' lang='lat' dir='ltr'><strong>xpo&#39;nno†,</strong></span> <span class='ocrx_word' id='word_1_70' title='bbox 961 1123 981 1170; x_wconf 87' lang='lat' dir='ltr'><strong>a</strong></span> <span class='ocrx_word' id='word_1_71' title='bbox 1006 1122 1117 1193; x_wconf 90' lang='lat' dir='ltr'><strong>quoa</strong></span> <span class='ocrx_word' id='word_1_72' title='bbox 1144 1096 1287 1169; x_wconf 85' lang='lat' dir='ltr'><strong>Graecis</strong></span> <span class='ocrx_word' id='word_1_73' title='bbox 1312 1123 1394 1194; x_wconf 89' lang='lat' dir='ltr'><strong>quo·</strong></span> 
     </span>
     <span class='ocr_line' id='line_1_10' title="bbox 284 1198 1427 1298; baseline -0.002 -29"><span class='ocrx_word' id='word_1_74' title='bbox 284 1225 352 1297; x_wconf 85' lang='lat' dir='ltr'><strong>quc</strong></span> <span class='ocrx_word' id='word_1_75' title='bbox 376 1226 520 1298; x_wconf 57' lang='lat' dir='ltr'><strong>panum</strong></span> <span class='ocrx_word' id='word_1_76' title='bbox 549 1251 676 1270; x_wconf 89' lang='grc'><strong>.....</strong></span> <span class='ocrx_word' id='word_1_77' title='bbox 704 1199 853 1290; x_wconf 88' lang='lat' dir='ltr'><strong>dictum,</strong></span> <span class='ocrx_word' id='word_1_78' title='bbox 892 1209 925 1270; x_wconf 86' lang='lat' dir='ltr'><strong>ct</strong></span> <span class='ocrx_word' id='word_1_79' title='bbox 951 1201 1078 1296; x_wconf 88' lang='lat' dir='ltr'><strong>inquo</strong></span> <span class='ocrx_word' id='word_1_80' title='bbox 1103 1198 1219 1270; x_wconf 87' lang='lat' dir='ltr'><strong>cadom</strong></span> <span class='ocrx_word' id='word_1_81' title='bbox 1246 1199 1394 1270; x_wconf 89' lang='lat' dir='ltr'><strong>condun-</strong></span> <span class='ocrx_word' id='word_1_82' title='bbox 1426 1215 1427 1282; x_wconf 72' lang='lat' dir='ltr'><strong>l</strong></span> 
     </span>
     <span class='ocr_line' id='line_1_11' title="bbox 282 1297 1396 1394; baseline -0.002 -22"><span class='ocrx_word' id='word_1_83' title='bbox 282 1316 351 1372; x_wconf 88' lang='lat' dir='ltr'><strong>tur.</strong></span> <span class='ocrx_word' id='word_1_84' title='bbox 465 1297 557 1371; x_wconf 79' lang='lat'><strong>106.</strong></span> <span class='ocrx_word' id='word_1_85' title='bbox 586 1299 797 1372; x_wconf 80' lang='lat' dir='ltr'><strong>Hordeum</strong></span> <span class='ocrx_word' id='word_1_86' title='bbox 819 1299 862 1370; x_wconf 90' lang='lat' dir='ltr'><strong>ab</strong></span> <span class='ocrx_word' id='word_1_87' title='bbox 883 1299 1034 1372; x_wconf 86' lang='lat' dir='ltr'><strong>horrido.</strong></span> <span class='ocrx_word' id='word_1_88' title='bbox 1065 1299 1282 1390; x_wconf 79' lang='lat' dir='ltr'><strong>Triticum,</strong></span> <span class='ocrx_word' id='word_1_89' title='bbox 1307 1299 1396 1394; x_wconf 89' lang='lat' dir='ltr'><strong>quod</strong></span> 
     </span>
     <span class='ocr_line' id='line_1_12' title="bbox 282 1399 1393 1498; baseline -0.004 -25"><span class='ocrx_word' id='word_1_90' title='bbox 282 1403 398 1474; x_wconf 87' lang='lat' dir='ltr'><strong>tritum</strong></span> <span class='ocrx_word' id='word_1_91' title='bbox 424 1403 583 1496; x_wconf 82' lang='lat' dir='ltr'><strong>aspicis.</strong></span> <span class='ocrx_word' id='word_1_92' title='bbox 636 1401 724 1472; x_wconf 84' lang='lat' dir='ltr'><strong>Far</strong></span> <span class='ocrx_word' id='word_1_93' title='bbox 747 1401 976 1491; x_wconf 68' lang='lat' dir='ltr'><strong>alarcicndo,</strong></span> <span class='ocrx_word' id='word_1_94' title='bbox 1003 1400 1094 1497; x_wconf 88' lang='lat' dir='ltr'><strong>quod</strong></span> <span class='ocrx_word' id='word_1_95' title='bbox 1119 1402 1155 1470; x_wconf 92' lang='lat' dir='ltr'><strong>in</strong></span> <span class='ocrx_word' id='word_1_96' title='bbox 1180 1401 1322 1498; x_wconf 91' lang='lat' dir='ltr'><strong>pistrino</strong></span> <span class='ocrx_word' id='word_1_97' title='bbox 1346 1399 1393 1470; x_wconf 90' lang='lat' dir='ltr'><strong>fit.</strong></span> 
     </span>
     <span class='ocr_line' id='line_1_13' title="bbox 282 1499 1396 1597; baseline -0.001 -24"><span class='ocrx_word' id='word_1_98' title='bbox 282 1501 465 1576; x_wconf 85' lang='lat' dir='ltr'><strong>Milium</strong></span> <span class='ocrx_word' id='word_1_99' title='bbox 489 1527 508 1570; x_wconf 92' lang='lat' dir='ltr'><strong>a</strong></span> <span class='ocrx_word' id='word_1_100' title='bbox 534 1499 689 1592; x_wconf 83' lang='lat' dir='ltr'><strong>Gracco,</strong></span> <span class='ocrx_word' id='word_1_101' title='bbox 725 1528 804 1573; x_wconf 90' lang='lat' dir='ltr'><strong>nam</strong></span> <span class='ocrx_word' id='word_1_102' title='bbox 833 1501 870 1573; x_wconf 89' lang='lat' dir='ltr'><strong>id</strong></span> <span class='ocrx_word' id='word_1_103' title='bbox 897 1499 1038 1596; x_wconf 67' lang='lat' dir='ltr'><strong>sellus.</strong></span> <span class='ocrx_word' id='word_1_104' title='bbox 1088 1499 1269 1592; x_wconf 86' lang='lat' dir='ltr'><strong>Libum,</strong></span> <span class='ocrx_word' id='word_1_105' title='bbox 1308 1501 1396 1597; x_wconf 89' lang='lat' dir='ltr'><strong>quod</strong></span> 
     </span>
     <span class='ocr_line' id='line_1_14' title="bbox 220 1601 1394 1699; baseline -0.002 -25"><span class='ocrx_word' id='word_1_106' title='bbox 220 1633 268 1699; x_wconf 68' lang='lat' dir='ltr'><strong>uo</strong></span> <span class='ocrx_word' id='word_1_107' title='bbox 282 1616 322 1675; x_wconf 90' lang='lat' dir='ltr'><strong>ut</strong></span> <span class='ocrx_word' id='word_1_108' title='bbox 342 1601 518 1692; x_wconf 77' lang='lat' dir='ltr'><strong>libaretur,</strong></span> <span class='ocrx_word' id='word_1_109' title='bbox 545 1605 743 1699; x_wconf 86' lang='lat' dir='ltr'><strong>priusquam</strong></span> <span class='ocrx_word' id='word_1_110' title='bbox 765 1614 908 1694; x_wconf 78' lang='lat' dir='ltr'><strong>assetur,</strong></span> <span class='ocrx_word' id='word_1_111' title='bbox 936 1613 1008 1674; x_wconf 91' lang='lat' dir='ltr'><strong>crat</strong></span> <span class='ocrx_word' id='word_1_112' title='bbox 1030 1615 1176 1675; x_wconf 87' lang='lat' dir='ltr'><strong>coctum.</strong></span> <span class='ocrx_word' id='word_1_113' title='bbox 1224 1603 1394 1674; x_wconf 86' lang='lat' dir='ltr'><strong>Tcstua·</strong></span> 
     </span>
     <span class='ocr_line' id='line_1_15' title="bbox 283 1701 1427 1830; baseline -0.003 -54"><span class='ocrx_word' id='word_1_114' title='bbox 283 1707 410 1789; x_wconf 84' lang='lat' dir='ltr'><strong>tium,</strong></span> <span class='ocrx_word' id='word_1_115' title='bbox 439 1701 532 1798; x_wconf 91' lang='lat' dir='ltr'><strong>quod</strong></span> <span class='ocrx_word' id='word_1_116' title='bbox 554 1705 591 1771; x_wconf 92' lang='lat' dir='ltr'><strong>in</strong></span> <span class='ocrx_word' id='word_1_117' title='bbox 615 1714 702 1774; x_wconf 85' lang='lat' dir='ltr'><strong>testu</strong></span> <span class='ocrx_word' id='word_1_118' title='bbox 729 1703 827 1776; x_wconf 88' lang='lat' dir='ltr'><strong>caldo</strong></span> <span class='ocrx_word' id='word_1_119' title='bbox 854 1703 1082 1800; x_wconf 76' lang='lat' dir='ltr'><strong>coqucbatrir,</strong></span> <span class='ocrx_word' id='word_1_120' title='bbox 1120 1714 1159 1775; x_wconf 88' lang='lat' dir='ltr'><strong>ut</strong></span> <span class='ocrx_word' id='word_1_121' title='bbox 1183 1706 1284 1775; x_wconf 86' lang='lat' dir='ltr'><strong>etiam</strong></span> <span class='ocrx_word' id='word_1_122' title='bbox 1306 1729 1395 1774; x_wconf 91' lang='lat' dir='ltr'><strong>nunc</strong></span> <span class='ocrx_word' id='word_1_123' title='bbox 1426 1741 1427 1830; x_wconf 58' lang='lat' dir='ltr'><strong>p</strong></span> 
     </span>
     <span class='ocr_line' id='line_1_16' title="bbox 282 1801 1396 1900; baseline -0.003 -22"><span class='ocrx_word' id='word_1_124' title='bbox 282 1801 487 1878; x_wconf 72' lang='lat' dir='ltr'><strong>Matralibus</strong></span> <span class='ocrx_word' id='word_1_125' title='bbox 510 1801 547 1873; x_wconf 86' lang='lat' dir='ltr'><strong>id</strong></span> <span class='ocrx_word' id='word_1_126' title='bbox 571 1803 702 1876; x_wconf 84' lang='lat' dir='ltr'><strong>faciunt</strong></span> <span class='ocrx_word' id='word_1_127' title='bbox 725 1815 909 1876; x_wconf 82' lang='lat' dir='ltr'><strong>matronae.</strong></span> <span class='ocrx_word' id='word_1_128' title='bbox 951 1805 1154 1894; x_wconf 86' lang='lat' dir='ltr'><strong>·Circuli,</strong></span> <span class='ocrx_word' id='word_1_129' title='bbox 1183 1803 1275 1900; x_wconf 88' lang='lat' dir='ltr'><strong>quod</strong></span> <span class='ocrx_word' id='word_1_130' title='bbox 1296 1806 1396 1875; x_wconf 87' lang='lat' dir='ltr'><strong>mixta</strong></span> 
     </span>
     <span class='ocr_line' id='line_1_17' title="bbox 282 1903 1393 2002; baseline -0.004 -21"><span class='ocrx_word' id='word_1_131' title='bbox 282 1907 392 1981; x_wconf 80' lang='lat' dir='ltr'><strong>farina</strong></span> <span class='ocrx_word' id='word_1_132' title='bbox 412 1914 446 1975; x_wconf 84' lang='lat' dir='ltr'><strong>ct</strong></span> <span class='ocrx_word' id='word_1_133' title='bbox 464 1929 563 1976; x_wconf 87' lang='lat' dir='ltr'><strong>casco</strong></span> <span class='ocrx_word' id='word_1_134' title='bbox 584 1917 618 1976; x_wconf 84' lang='lat' dir='ltr'><strong>ct</strong></span> <span class='ocrx_word' id='word_1_135' title='bbox 637 1931 725 2002; x_wconf 87' lang='lat' dir='ltr'><strong>aqua</strong></span> <span class='ocrx_word' id='word_1_136' title='bbox 751 1907 929 1977; x_wconf 88' lang='lat' dir='ltr'><strong>circuitum</strong></span> <span class='ocrx_word' id='word_1_137' title='bbox 955 1906 1173 2002; x_wconf 76' lang='lat' dir='ltr'><strong>aequabiliter</strong></span> <span class='ocrx_word' id='word_1_138' title='bbox 1196 1903 1393 1978; x_wconf 87' lang='lat' dir='ltr'><strong>fundebant.</strong></span> 
     </span>
     <span class='ocr_line' id='line_1_18' title="bbox 212 2003 1427 2103; baseline -0.002 -25"><span class='ocrx_word' id='word_1_139' title='bbox 212 2003 374 2086; x_wconf 76' lang='lat'><strong>(28)·107.</strong></span> <span class='ocrx_word' id='word_1_140' title='bbox 415 2006 497 2076; x_wconf 88' lang='lat' dir='ltr'><strong>Hoc</strong></span> <span class='ocrx_word' id='word_1_141' title='bbox 522 2007 661 2101; x_wconf 83' lang='lat' dir='ltr'><strong>quidam</strong></span> <span class='ocrx_word' id='word_1_142' title='bbox 686 2007 746 2103; x_wconf 87' lang='lat' dir='ltr'><strong>qui</strong></span> <span class='ocrx_word' id='word_1_143' title='bbox 776 2009 885 2102; x_wconf 71' lang='lat' dir='ltr'><strong>magis</strong></span> <span class='ocrx_word' id='word_1_144' title='bbox 911 2008 1083 2078; x_wconf 82' lang='lat' dir='ltr'><strong>incondite</strong></span> <span class='ocrx_word' id='word_1_145' title='bbox 1112 2003 1303 2096; x_wconf 83' lang='lat' dir='ltr'><strong>faciebant,</strong></span> <span class='ocrx_word' id='word_1_146' title='bbox 1340 2031 1394 2075; x_wconf 87' lang='lat' dir='ltr'><strong>vo·</strong></span> <span class='ocrx_word' id='word_1_147' title='bbox 1426 2009 1427 2046; x_wconf 62' lang='lat'><strong>³</strong></span> 
     </span>
     <span class='ocr_line' id='line_1_19' title="bbox 282 2104 1392 2196; baseline -0.002 -17"><span class='ocrx_word' id='word_1_148' title='bbox 282 2107 405 2179; x_wconf 87' lang='lat' dir='ltr'><strong>cabant</strong></span> <span class='ocrx_word' id='word_1_149' title='bbox 441 2106 622 2178; x_wconf 89' lang='lat' dir='ltr'><strong>lixulas</strong></span> <span class='ocrx_word' id='word_1_150' title='bbox 655 2117 689 2178; x_wconf 87' lang='lat' dir='ltr'><strong>ct</strong></span> <span class='ocrx_word' id='word_1_151' title='bbox 719 2107 1014 2178; x_wconf 82' lang='lat' dir='ltr'><strong>semilixulas</strong></span> <span class='ocrx_word' id='word_1_152' title='bbox 1046 2105 1213 2180; x_wconf 89' lang='lat' dir='ltr'><strong>vocabulo</strong></span> <span class='ocrx_word' id='word_1_153' title='bbox 1245 2104 1392 2196; x_wconf 84' lang='lat' dir='ltr'><strong>Sabino,</strong></span> 
     </span>
     <span class='ocr_line' id='line_1_20' title="bbox 279 2205 1427 2304; baseline -0.001 -26"><span class='ocrx_word' id='word_1_154' title='bbox 279 2211 395 2304; x_wconf 84' lang='lat' dir='ltr'><strong>itaquo</strong></span> <span class='ocrx_word' id='word_1_155' title='bbox 424 2207 627 2303; x_wconf 78' lang='lat' dir='ltr'><strong>linquentati</strong></span> <span class='ocrx_word' id='word_1_156' title='bbox 652 2233 672 2278; x_wconf 90' lang='lat' dir='ltr'><strong>a</strong></span> <span class='ocrx_word' id='word_1_157' title='bbox 701 2207 852 2280; x_wconf 84' lang='lat' dir='ltr'><strong>Sabinis.</strong></span> <span class='ocrx_word' id='word_1_158' title='bbox 905 2205 944 2280; x_wconf 86' lang='grc' dir='ltr'><strong>Α</strong></span> <span class='ocrx_word' id='word_1_159' title='bbox 972 2208 1076 2304; x_wconf 73' lang='lat' dir='ltr'><strong>globo</strong></span> <span class='ocrx_word' id='word_1_160' title='bbox 1108 2208 1235 2278; x_wconf 82' lang='lat' dir='ltr'><strong>farinae</strong></span> <span class='ocrx_word' id='word_1_161' title='bbox 1261 2206 1396 2278; x_wconf 89' lang='lat' dir='ltr'><strong>dilatato</strong></span> <span class='ocrx_word' id='word_1_162' title='bbox 1426 2211 1427 2257; x_wconf 71' lang='lat' dir='ltr'><strong>l</strong></span> 
     </span>
     <span class='ocr_line' id='line_1_21' title="bbox 279 2307 1395 2408; baseline -0.003 -28"><span class='ocrx_word' id='word_1_163' title='bbox 279 2311 359 2380; x_wconf 91' lang='lat' dir='ltr'><strong>itcm</strong></span> <span class='ocrx_word' id='word_1_164' title='bbox 383 2311 419 2379; x_wconf 91' lang='lat' dir='ltr'><strong>in</strong></span> <span class='ocrx_word' id='word_1_165' title='bbox 441 2307 516 2379; x_wconf 85' lang='lat' dir='ltr'><strong>olco</strong></span> <span class='ocrx_word' id='word_1_166' title='bbox 538 2311 626 2381; x_wconf 88' lang='lat' dir='ltr'><strong>cocti</strong></span> <span class='ocrx_word' id='word_1_167' title='bbox 648 2308 729 2382; x_wconf 88' lang='lat' dir='ltr'><strong>dicti</strong></span> <span class='ocrx_word' id='word_1_168' title='bbox 756 2307 905 2408; x_wconf 70' lang='lat' dir='ltr'><strong>*globi</strong></span> <span class='ocrx_word' id='word_1_169' title='bbox 961 2309 1214 2403; x_wconf 26' lang='lat' dir='ltr'><strong>Grlustulum</strong></span> <span class='ocrx_word' id='word_1_170' title='bbox 1237 2333 1257 2376; x_wconf 92' lang='lat' dir='ltr'><strong>a</strong></span> <span class='ocrx_word' id='word_1_171' title='bbox 1285 2319 1395 2380; x_wconf 86' lang='lat' dir='ltr'><strong>crusta</strong></span> 
     </span>
     <span class='ocr_line' id='line_1_22' title="bbox 281 2407 1427 2509; baseline -0.002 -29"><span class='ocrx_word' id='word_1_172' title='bbox 281 2411 403 2507; x_wconf 88' lang='lat' dir='ltr'><strong>pultis,</strong></span> <span class='ocrx_word' id='word_1_173' title='bbox 429 2411 552 2505; x_wconf 89' lang='lat' dir='ltr'><strong>quoius</strong></span> <span class='ocrx_word' id='word_1_174' title='bbox 576 2437 630 2502; x_wconf 83' lang='lat' dir='ltr'><strong>ea,</strong></span> <span class='ocrx_word' id='word_1_175' title='bbox 658 2411 751 2509; x_wconf 90' lang='lat' dir='ltr'><strong>quod</strong></span> <span class='ocrx_word' id='word_1_176' title='bbox 773 2424 811 2483; x_wconf 88' lang='lat' dir='ltr'><strong>ut</strong></span> <span class='ocrx_word' id='word_1_177' title='bbox 835 2413 964 2483; x_wconf 89' lang='lat' dir='ltr'><strong>corium</strong></span> <span class='ocrx_word' id='word_1_178' title='bbox 982 2413 1129 2501; x_wconf 79' lang='lat' dir='ltr'><strong>eruitur,</strong></span> <span class='ocrx_word' id='word_1_179' title='bbox 1156 2420 1271 2480; x_wconf 86' lang='lat' dir='ltr'><strong>crusta</strong></span> <span class='ocrx_word' id='word_1_180' title='bbox 1294 2407 1393 2479; x_wconf 88' lang='lat' dir='ltr'><strong>dicta.</strong></span> <span class='ocrx_word' id='word_1_181' title='bbox 1426 2459 1427 2488; x_wconf 55' lang='lat'><strong>,</strong></span> 
     </span>
     <span class='ocr_line' id='line_1_23' title="bbox 223 2489 1427 2610; baseline -0.005 -26"><span class='ocrx_word' id='word_1_182' title='bbox 223 2529 271 2597; x_wconf 59' lang='grc' dir='ltr'>Ἦ</span> <span class='ocrx_word' id='word_1_183' title='bbox 282 2511 423 2584; x_wconf 82' lang='lat' dir='ltr'><strong>Caetera</strong></span> <span class='ocrx_word' id='word_1_184' title='bbox 445 2509 516 2582; x_wconf 78' lang='lat' dir='ltr'><strong>scre</strong></span> <span class='ocrx_word' id='word_1_185' title='bbox 531 2537 634 2610; x_wconf 88' lang='lat' dir='ltr'><strong>opera</strong></span> <span class='ocrx_word' id='word_1_186' title='bbox 650 2539 670 2583; x_wconf 92' lang='lat' dir='ltr'><strong>a</strong></span> <span class='ocrx_word' id='word_1_187' title='bbox 685 2512 863 2586; x_wconf 88' lang='lat' dir='ltr'><strong>vocabulis</strong></span> <span class='ocrx_word' id='word_1_188' title='bbox 880 2511 1022 2585; x_wconf 88' lang='lat' dir='ltr'><strong>Graccis</strong></span> <span class='ocrx_word' id='word_1_189' title='bbox 1045 2522 1180 2607; x_wconf 89' lang='lat' dir='ltr'><strong>sumpta</strong></span> <span class='ocrx_word' id='word_1_190' title='bbox 1197 2519 1238 2580; x_wconf 87' lang='lat' dir='ltr'><strong>ut</strong></span> <span class='ocrx_word' id='word_1_191' title='bbox 1258 2509 1397 2581; x_wconf 89' lang='lat' dir='ltr'><strong>tbrion</strong></span> <span class='ocrx_word' id='word_1_192' title='bbox 1426 2489 1427 2554; x_wconf 75' lang='lat' dir='ltr'><strong>l</strong></span> 
     </span>
    </p>
   </div>
   <div class='ocr_carea' id='block_1_4' title="bbox 280 2705 1427 3488">
    <p class='ocr_par' dir='ltr' id='par_1_4' title="bbox 280 2705 1427 3488">
     <span class='ocr_line' id='line_1_24' title="bbox 281 2705 1427 2782; baseline -0.005 -18"><span class='ocrx_word' id='word_1_193' title='bbox 281 2729 346 2779; x_wconf 80' lang='lat' dir='ltr'><strong>quac</strong></span> <span class='ocrx_word' id='word_1_194' title='bbox 364 2713 489 2764; x_wconf 87' lang='lat' dir='ltr'><strong>monenda</strong></span> <span class='ocrx_word' id='word_1_195' title='bbox 507 2711 602 2776; x_wconf 87' lang='lat' dir='ltr'><strong>habco,</strong></span> <span class='ocrx_word' id='word_1_196' title='bbox 621 2714 669 2766; x_wconf 89' lang='lat' dir='ltr'><strong>sub</strong></span> <span class='ocrx_word' id='word_1_197' title='bbox 685 2715 710 2778; x_wconf 70' lang='grc' dir='ltr'><strong>ς.</strong></span> <span class='ocrx_word' id='word_1_198' title='bbox 722 2718 781 2766; x_wconf 90' lang='grc'>116.</span> <span class='ocrx_word' id='word_1_199' title='bbox 916 2714 1106 2782; x_wconf 81' lang='lat' dir='ltr'><strong>Apollodorus]</strong></span> <span class='ocrx_word' id='word_1_200' title='bbox 1124 2713 1188 2764; x_wconf 90' lang='lat' dir='ltr'><strong>libro</strong></span> <span class='ocrx_word' id='word_1_201' title='bbox 1206 2713 1264 2778; x_wconf 69' lang='grc' dir='ltr'><strong>περὶ</strong></span> <span class='ocrx_word' id='word_1_202' title='bbox 1280 2705 1397 2777; x_wconf 71' lang='grc' dir='ltr'><em>Ἐπιχὰρ-</em></span> <span class='ocrx_word' id='word_1_203' title='bbox 1426 2709 1427 2768; x_wconf 80' lang='lat' dir='ltr'><strong>l</strong></span> 
     </span>
     <span class='ocr_line' id='line_1_25' title="bbox 280 2778 1396 2850; baseline -0.003 -17"><span class='ocrx_word' id='word_1_204' title='bbox 280 2803 344 2843; x_wconf 78' lang='grc' dir='ltr'><strong>μου,</strong></span> <span class='ocrx_word' id='word_1_205' title='bbox 369 2790 397 2834; x_wconf 88' lang='lat' dir='ltr'><strong>ut</strong></span> <span class='ocrx_word' id='word_1_206' title='bbox 414 2783 520 2836; x_wconf 87' lang='lat' dir='ltr'><strong>videtur.</strong></span> <span class='ocrx_word' id='word_1_207' title='bbox 564 2783 743 2850; x_wconf 84' lang='lat' dir='ltr'><strong>Epicharmum</strong></span> <span class='ocrx_word' id='word_1_208' title='bbox 767 2783 833 2836; x_wconf 83' lang='lat' dir='ltr'><strong>enim</strong></span> <span class='ocrx_word' id='word_1_209' title='bbox 860 2791 959 2838; x_wconf 84' lang='lat' dir='ltr'><strong>constat</strong></span> <span class='ocrx_word' id='word_1_210' title='bbox 985 2785 1143 2837; x_wconf 67' lang='lat' dir='ltr'><strong>Dor-icosium</strong></span> <span class='ocrx_word' id='word_1_211' title='bbox 1162 2783 1285 2834; x_wconf 82' lang='lat' dir='ltr'><strong>vocabulo</strong></span> <span class='ocrx_word' id='word_1_212' title='bbox 1305 2778 1396 2836; x_wconf 77' lang='grc' dir='ltr'><em>πόλτος</em></span> 
     </span>
     <span class='ocr_line' id='line_1_26' title="bbox 281 2853 1427 2924; baseline -0.003 -18"><span class='ocrx_word' id='word_1_213' title='bbox 281 2869 353 2906; x_wconf 88' lang='lat' dir='ltr'><strong>usum</strong></span> <span class='ocrx_word' id='word_1_214' title='bbox 373 2869 437 2904; x_wconf 83' lang='lat' dir='ltr'><strong>csse.</strong></span> <span class='ocrx_word' id='word_1_215' title='bbox 483 2853 573 2906; x_wconf 84' lang='lat' dir='ltr'><strong>Athen.</strong></span> <span class='ocrx_word' id='word_1_216' title='bbox 591 2855 660 2908; x_wconf 85' lang='lat' dir='ltr'><strong>xlv.</strong></span> <span class='ocrx_word' id='word_1_217' title='bbox 678 2874 704 2923; x_wconf 87' lang='lat' dir='ltr'><strong>p.</strong></span> <span class='ocrx_word' id='word_1_218' title='bbox 715 2859 767 2906; x_wconf 82' lang='lat'><strong>648</strong></span> <span class='ocrx_word' id='word_1_219' title='bbox 784 2853 815 2905; x_wconf 92' lang='lat' dir='ltr'><strong>B.</strong></span> <span class='ocrx_word' id='word_1_220' title='bbox 850 2855 883 2906; x_wconf 88' lang='lat' dir='ltr'><strong>V.</strong></span> <span class='ocrx_word' id='word_1_221' title='bbox 903 2856 1051 2924; x_wconf 85' lang='lat' dir='ltr'><strong>Apollodori</strong></span> <span class='ocrx_word' id='word_1_222' title='bbox 1069 2855 1172 2922; x_wconf 84' lang='lat' dir='ltr'><strong>Fragm.</strong></span> <span class='ocrx_word' id='word_1_223' title='bbox 1197 2871 1222 2920; x_wconf 88' lang='lat' dir='ltr'><strong>p.</strong></span> <span class='ocrx_word' id='word_1_224' title='bbox 1233 2855 1294 2904; x_wconf 88' lang='lat'><strong>441.</strong></span> <span class='ocrx_word' id='word_1_225' title='bbox 1312 2853 1396 2917; x_wconf 86' lang='lat' dir='ltr'><strong>Heyn.</strong></span> <span class='ocrx_word' id='word_1_226' title='bbox 1426 2857 1427 2920; x_wconf 58' lang='lat' dir='ltr'><strong>l</strong></span> 
     </span>
     <span class='ocr_line' id='line_1_27' title="bbox 281 2924 1396 2996; baseline -0.002 -22"><span class='ocrx_word' id='word_1_227' title='bbox 281 2924 378 2996; x_wconf 72' lang='lat' dir='ltr'><strong>aquus]</strong></span> <span class='ocrx_word' id='word_1_228' title='bbox 394 2925 538 2991; x_wconf 84' lang='lat' dir='ltr'><strong>Scioppius.</strong></span> <span class='ocrx_word' id='word_1_229' title='bbox 578 2925 649 2994; x_wconf 81' lang='lat' dir='ltr'><strong>aqna</strong></span> <span class='ocrx_word' id='word_1_230' title='bbox 668 2927 742 2979; x_wconf 84' lang='lat' dir='ltr'><strong>codd.</strong></span> <span class='ocrx_word' id='word_1_231' title='bbox 850 2930 952 2996; x_wconf 84' lang='lat' dir='ltr'><strong>ponus]</strong></span> <span class='ocrx_word' id='word_1_232' title='bbox 968 2927 1042 2979; x_wconf 90' lang='lat' dir='ltr'><strong>codd.</strong></span> <span class='ocrx_word' id='word_1_233' title='bbox 1061 2932 1161 2995; x_wconf 84' lang='lat' dir='ltr'><strong>praeter</strong></span> <span class='ocrx_word' id='word_1_234' title='bbox 1178 2925 1212 2975; x_wconf 87' lang='lat' dir='ltr'><strong>G.</strong></span> <span class='ocrx_word' id='word_1_235' title='bbox 1231 2925 1274 2990; x_wconf 88' lang='lat' dir='ltr'><strong>qui</strong></span> <span class='ocrx_word' id='word_1_236' title='bbox 1290 2941 1396 2990; x_wconf 81' lang='lat' dir='ltr'><strong>ponnus</strong></span> 
     </span>
     <span class='ocr_line' id='line_1_28' title="bbox 281 2993 1427 3066; baseline -0.002 -20"><span class='ocrx_word' id='word_1_237' title='bbox 281 3003 308 3047; x_wconf 84' lang='lat' dir='ltr'><strong>et</strong></span> <span class='ocrx_word' id='word_1_238' title='bbox 325 2997 350 3048; x_wconf 88' lang='lat' dir='ltr'><strong>b.</strong></span> <span class='ocrx_word' id='word_1_239' title='bbox 369 2997 412 3062; x_wconf 90' lang='lat' dir='ltr'><strong>qui</strong></span> <span class='ocrx_word' id='word_1_240' title='bbox 427 2995 545 3064; x_wconf 72' lang='lat' dir='ltr'><strong>panion.</strong></span> <span class='ocrx_word' id='word_1_241' title='bbox 580 2995 629 3048; x_wconf 87' lang='lat' dir='ltr'><strong>Est</strong></span> <span class='ocrx_word' id='word_1_242' title='bbox 646 2995 700 3049; x_wconf 88' lang='lat' dir='ltr'><strong>h.l.</strong></span> <span class='ocrx_word' id='word_1_243' title='bbox 719 3011 792 3048; x_wconf 85' lang='lat' dir='ltr'><strong>casus</strong></span> <span class='ocrx_word' id='word_1_244' title='bbox 810 2997 920 3064; x_wconf 83' lang='lat' dir='ltr'><strong>patricos</strong></span> <span class='ocrx_word' id='word_1_245' title='bbox 939 2999 1045 3050; x_wconf 88' lang='lat' dir='ltr'><strong>nominis</strong></span> <span class='ocrx_word' id='word_1_246' title='bbox 1064 3013 1143 3066; x_wconf 87' lang='lat' dir='ltr'><strong>panus</strong></span> <span class='ocrx_word' id='word_1_247' title='bbox 1161 3009 1307 3062; x_wconf 75' lang='lat' dir='ltr'><strong>sponsus,</strong></span> <span class='ocrx_word' id='word_1_248' title='bbox 1333 2993 1397 3044; x_wconf 89' lang='lat' dir='ltr'><strong>unde</strong></span> <span class='ocrx_word' id='word_1_249' title='bbox 1426 3019 1427 3056; x_wconf 60' lang='grc' dir='ltr'>ι</span> 
     </span>
     <span class='ocr_line' id='line_1_29' title="bbox 281 3063 1427 3137; baseline -0.005 -19"><span class='ocrx_word' id='word_1_250' title='bbox 281 3067 379 3118; x_wconf 85' lang='lat' dir='ltr'><strong>Ennius</strong></span> <span class='ocrx_word' id='word_1_251' title='bbox 395 3065 534 3132; x_wconf 54' lang='lat' dir='ltr'><strong>,consitos</strong></span> <span class='ocrx_word' id='word_1_252' title='bbox 642 3068 748 3135; x_wconf 80' lang='lat' dir='ltr'><strong>posteo]</strong></span> <span class='ocrx_word' id='word_1_253' title='bbox 767 3067 863 3132; x_wconf 87' lang='lat' dir='ltr'><strong>scripsi.</strong></span> <span class='ocrx_word' id='word_1_254' title='bbox 897 3078 1070 3137; x_wconf 75' lang='lat' dir='ltr'><strong>posteaquam</strong></span> <span class='ocrx_word' id='word_1_255' title='bbox 1088 3067 1160 3118; x_wconf 90' lang='lat' dir='ltr'><strong>codd.</strong></span> <span class='ocrx_word' id='word_1_256' title='bbox 1193 3073 1340 3134; x_wconf 77' lang='lat' dir='ltr'><strong>posteaque</strong></span> <span class='ocrx_word' id='word_1_257' title='bbox 1358 3079 1396 3129; x_wconf 79' lang='lat' dir='ltr'><strong>vg.</strong></span> <span class='ocrx_word' id='word_1_258' title='bbox 1426 3063 1427 3112; x_wconf 64' lang='lat' dir='ltr'><strong>i</strong></span> 
     </span>
     <span class='ocr_line' id='line_1_30' title="bbox 282 3133 1427 3204; baseline -0.001 -19"><span class='ocrx_word' id='word_1_259' title='bbox 282 3133 404 3204; x_wconf 71' lang='lat' dir='ltr'><strong>apdmpfl</strong></span> <span class='ocrx_word' id='word_1_260' title='bbox 422 3136 577 3186; x_wconf 87' lang='lat' dir='ltr'><strong><em>KPOKEN</em></strong></span> <span class='ocrx_word' id='word_1_261' title='bbox 590 3136 621 3187; x_wconf 77' lang='lat' dir='ltr'><strong>F.</strong></span> <span class='ocrx_word' id='word_1_262' title='bbox 656 3138 726 3188; x_wconf 84' lang='lat' dir='ltr'><strong>KPO</strong></span> <span class='ocrx_word' id='word_1_263' title='bbox 744 3138 793 3190; x_wconf 86' lang='lat' dir='ltr'><strong>Ha.</strong></span> <span class='ocrx_word' id='word_1_264' title='bbox 819 3139 906 3189; x_wconf 86' lang='lat' dir='ltr'><strong>lacuna</strong></span> <span class='ocrx_word' id='word_1_265' title='bbox 921 3140 945 3190; x_wconf 91' lang='lat' dir='ltr'><strong>in</strong></span> <span class='ocrx_word' id='word_1_266' title='bbox 965 3141 1030 3192; x_wconf 89' lang='lat' dir='ltr'><strong>Gbc.</strong></span> <span class='ocrx_word' id='word_1_267' title='bbox 1067 3138 1170 3190; x_wconf 87' lang='lat' dir='ltr'><strong>Nullum</strong></span> <span class='ocrx_word' id='word_1_268' title='bbox 1188 3135 1269 3188; x_wconf 83' lang='lat' dir='ltr'><strong>adbuc</strong></span> <span class='ocrx_word' id='word_1_269' title='bbox 1287 3137 1397 3187; x_wconf 87' lang='lat' dir='ltr'><strong>vocabu·</strong></span> <span class='ocrx_word' id='word_1_270' title='bbox 1426 3151 1427 3154; x_wconf 46' lang='lat'>¹</span> 
     </span>
     <span class='ocr_line' id='line_1_31' title="bbox 284 3199 1427 3277; baseline -0.004 -19"><span class='ocrx_word' id='word_1_271' title='bbox 284 3209 335 3258; x_wconf 85' lang='lat' dir='ltr'><strong>lum</strong></span> <span class='ocrx_word' id='word_1_272' title='bbox 361 3207 487 3258; x_wconf 88' lang='lat' dir='ltr'><strong>inventum</strong></span> <span class='ocrx_word' id='word_1_273' title='bbox 506 3213 560 3270; x_wconf 84' lang='lat' dir='ltr'><strong>cst,</strong></span> <span class='ocrx_word' id='word_1_274' title='bbox 585 3208 653 3271; x_wconf 84' lang='lat' dir='ltr'><strong>quod</strong></span> <span class='ocrx_word' id='word_1_275' title='bbox 676 3207 734 3262; x_wconf 84' lang='lat' dir='ltr'><strong>huic</strong></span> <span class='ocrx_word' id='word_1_276' title='bbox 758 3211 814 3260; x_wconf 89' lang='lat' dir='ltr'><strong>loco</strong></span> <span class='ocrx_word' id='word_1_277' title='bbox 838 3216 924 3277; x_wconf 84' lang='lat' dir='ltr'><strong>aptum</strong></span> <span class='ocrx_word' id='word_1_278' title='bbox 948 3216 1023 3262; x_wconf 81' lang='lat' dir='ltr'><strong>essct.</strong></span> <span class='ocrx_word' id='word_1_279' title='bbox 1067 3209 1168 3260; x_wconf 80' lang='lat' dir='ltr'><strong>Beotini</strong></span> <span class='ocrx_word' id='word_1_280' title='bbox 1191 3209 1293 3258; x_wconf 86' lang='lat' dir='ltr'><strong>invento</strong></span> <span class='ocrx_word' id='word_1_281' title='bbox 1311 3201 1397 3261; x_wconf 80' lang='grc' dir='ltr'><strong>κόκκος</strong></span> <span class='ocrx_word' id='word_1_282' title='bbox 1426 3199 1427 3268; x_wconf 73' lang='lat' dir='ltr'><strong>l</strong></span> 
     </span>
     <span class='ocr_line' id='line_1_32' title="bbox 282 3275 1427 3360; baseline -0.003 -30"><span class='ocrx_word' id='word_1_283' title='bbox 282 3282 396 3346; x_wconf 81' lang='lat' dir='ltr'><strong>praestat</strong></span> <span class='ocrx_word' id='word_1_284' title='bbox 414 3283 484 3327; x_wconf 84' lang='lat' dir='ltr'><strong>certe</strong></span> <span class='ocrx_word' id='word_1_285' title='bbox 502 3275 615 3328; x_wconf 88' lang='lat' dir='ltr'><strong>Turnebi</strong></span> <span class='ocrx_word' id='word_1_286' title='bbox 633 3276 723 3344; x_wconf 79' lang='grc' dir='ltr'><strong><em>ῥόγος,</em></strong></span> <span class='ocrx_word' id='word_1_287' title='bbox 747 3296 798 3332; x_wconf 83' lang='lat' dir='ltr'><strong>vox</strong></span> <span class='ocrx_word' id='word_1_288' title='bbox 818 3281 912 3334; x_wconf 85' lang='lat' dir='ltr'><strong>Sicula.</strong></span> <span class='ocrx_word' id='word_1_289' title='bbox 947 3283 1078 3334; x_wconf 85' lang='lat' dir='ltr'><strong>Lacunam</strong></span> <span class='ocrx_word' id='word_1_290' title='bbox 1097 3286 1155 3346; x_wconf 85' lang='lat' dir='ltr'><strong>post</strong></span> <span class='ocrx_word' id='word_1_291' title='bbox 1171 3293 1284 3346; x_wconf 78' lang='lat' dir='ltr'><strong>granum</strong></span> <span class='ocrx_word' id='word_1_292' title='bbox 1303 3277 1398 3342; x_wconf 82' lang='lat' dir='ltr'><strong>signifi·</strong></span> <span class='ocrx_word' id='word_1_293' title='bbox 1426 3295 1427 3360; x_wconf 50' lang='lat' dir='ltr'><strong>p</strong></span> 
     </span>
     <span class='ocr_line' id='line_1_33' title="bbox 283 3345 1397 3416; baseline -0.005 -16"><span class='ocrx_word' id='word_1_294' title='bbox 283 3349 352 3412; x_wconf 85' lang='lat' dir='ltr'><strong>cavi,</strong></span> <span class='ocrx_word' id='word_1_295' title='bbox 370 3362 428 3400; x_wconf 87' lang='lat' dir='ltr'><strong>cum</strong></span> <span class='ocrx_word' id='word_1_296' title='bbox 444 3348 470 3398; x_wconf 87' lang='lat' dir='ltr'><strong>in</strong></span> <span class='ocrx_word' id='word_1_297' title='bbox 483 3347 557 3400; x_wconf 92' lang='lat' dir='ltr'><strong>codd.</strong></span> <span class='ocrx_word' id='word_1_298' title='bbox 576 3349 650 3414; x_wconf 86' lang='lat' dir='ltr'><strong>plane</strong></span> <span class='ocrx_word' id='word_1_299' title='bbox 667 3353 801 3404; x_wconf 83' lang='lat' dir='ltr'><strong>obliterata</strong></span> <span class='ocrx_word' id='word_1_300' title='bbox 819 3353 859 3404; x_wconf 88' lang='lat' dir='ltr'><strong>sit.</strong></span> <span class='ocrx_word' id='word_1_301' title='bbox 890 3391 892 3404; x_wconf 75' lang='grc'>,</span> <span class='ocrx_word' id='word_1_302' title='bbox 964 3351 1043 3416; x_wconf 80' lang='lat' dir='ltr'><strong>etJF.</strong></span> <span class='ocrx_word' id='word_1_303' title='bbox 1063 3365 1112 3402; x_wconf 89' lang='lat' dir='ltr'><strong>om.</strong></span> <span class='ocrx_word' id='word_1_304' title='bbox 1131 3355 1191 3402; x_wconf 81' lang='lat' dir='ltr'><strong>cett.</strong></span> <span class='ocrx_word' id='word_1_305' title='bbox 1297 3345 1397 3411; x_wconf 83' lang='lat' dir='ltr'><strong>eodem]</strong></span> 
     </span>
     <span class='ocr_line' id='line_1_34' title="bbox 282 3421 551 3488; baseline -0.011 -16"><span class='ocrx_word' id='word_1_306' title='bbox 282 3421 314 3473; x_wconf 84' lang='lat' dir='ltr'><strong>F.</strong></span> <span class='ocrx_word' id='word_1_307' title='bbox 349 3435 381 3468; x_wconf 86' lang='lat' dir='ltr'><strong>eo</strong></span> <span class='ocrx_word' id='word_1_308' title='bbox 402 3435 470 3488; x_wconf 85' lang='lat' dir='ltr'><strong>quoe</strong></span> <span class='ocrx_word' id='word_1_309' title='bbox 488 3423 551 3469; x_wconf 85' lang='lat' dir='ltr'><strong>cett.</strong></span> 
     </span>
    </p>
   </div>
   <div class='ocr_carea' id='block_1_5' title="bbox 219 3513 1427 4020">
    <p class='ocr_par' dir='ltr' id='par_1_5' title="bbox 281 3513 1427 3665">
     <span class='ocr_line' id='line_1_35' title="bbox 394 3513 1427 3592; baseline -0.004 -14"><span class='ocrx_word' id='word_1_310' title='bbox 394 3513 467 3578; x_wconf 86' lang='grc'><strong>106.</strong></span> <span class='ocrx_word' id='word_1_311' title='bbox 492 3525 639 3592; x_wconf 85' lang='lat' dir='ltr'><strong>Hordeum]</strong></span> <span class='ocrx_word' id='word_1_312' title='bbox 650 3543 673 3580; x_wconf 92' lang='lat' dir='ltr'><strong>c.</strong></span> <span class='ocrx_word' id='word_1_313' title='bbox 709 3527 829 3578; x_wconf 79' lang='lat' dir='ltr'><strong>horreum</strong></span> <span class='ocrx_word' id='word_1_314' title='bbox 848 3534 908 3580; x_wconf 84' lang='lat' dir='ltr'><strong>cett.</strong></span> <span class='ocrx_word' id='word_1_315' title='bbox 932 3527 1009 3592; x_wconf 85' lang='lat' dir='ltr'><strong>idque</strong></span> <span class='ocrx_word' id='word_1_316' title='bbox 1027 3527 1146 3592; x_wconf 78' lang='lat' dir='ltr'><strong>coniungi</strong></span> <span class='ocrx_word' id='word_1_317' title='bbox 1164 3525 1304 3578; x_wconf 78' lang='lat' dir='ltr'><strong>solatrum</strong></span> <span class='ocrx_word' id='word_1_318' title='bbox 1324 3530 1397 3576; x_wconf 83' lang='lat' dir='ltr'><strong>ante-</strong></span> <span class='ocrx_word' id='word_1_319' title='bbox 1426 3557 1427 3566; x_wconf 40' lang='grc' dir='ltr'>ι</span> 
     </span>
     <span class='ocr_line' id='line_1_36' title="bbox 281 3596 1396 3665; baseline -0.007 -12"><span class='ocrx_word' id='word_1_320' title='bbox 281 3600 439 3654; x_wconf 82' lang='lat' dir='ltr'><strong>cedentibus.</strong></span> <span class='ocrx_word' id='word_1_321' title='bbox 476 3597 561 3650; x_wconf 85' lang='lat' dir='ltr'><strong>Etiam</strong></span> <span class='ocrx_word' id='word_1_322' title='bbox 579 3597 627 3649; x_wconf 88' lang='lat' dir='ltr'><strong>hoc</strong></span> <span class='ocrx_word' id='word_1_323' title='bbox 646 3599 702 3648; x_wconf 90' lang='lat' dir='ltr'><strong>loco</strong></span> <span class='ocrx_word' id='word_1_324' title='bbox 720 3599 888 3664; x_wconf 76' lang='lat' dir='ltr'><strong>negligentius</strong></span> <span class='ocrx_word' id='word_1_325' title='bbox 905 3598 985 3649; x_wconf 87' lang='lat' dir='ltr'><strong>utitur</strong></span> <span class='ocrx_word' id='word_1_326' title='bbox 999 3599 1122 3665; x_wconf 78' lang='lat' dir='ltr'><strong>Apuleius</strong></span> <span class='ocrx_word' id='word_1_327' title='bbox 1135 3599 1179 3648; x_wconf 84' lang='lat' dir='ltr'><strong>ille</strong></span> <span class='ocrx_word' id='word_1_328' title='bbox 1195 3596 1227 3647; x_wconf 85' lang='lat' dir='ltr'><strong>dc</strong></span> <span class='ocrx_word' id='word_1_329' title='bbox 1245 3601 1305 3646; x_wconf 88' lang='lat' dir='ltr'><strong>nota</strong></span> <span class='ocrx_word' id='word_1_330' title='bbox 1321 3597 1396 3660; x_wconf 87' lang='lat' dir='ltr'><strong>aspir.</strong></span> 
     </span>
    </p>

    <p class='ocr_par' dir='ltr' id='par_1_6' title="bbox 219 3665 1398 4020">
     <span class='ocr_line' id='line_1_37' title="bbox 219 3665 1396 3738; baseline -0.007 -15"><span class='ocrx_word' id='word_1_331' title='bbox 219 3729 222 3736; x_wconf 57' lang='grc'><em>,</em></span> <span class='ocrx_word' id='word_1_332' title='bbox 280 3675 323 3724; x_wconf 82' lang='grc'><strong>38.</strong></span> <span class='ocrx_word' id='word_1_333' title='bbox 343 3690 368 3738; x_wconf 89' lang='lat' dir='ltr'><strong>p.</strong></span> <span class='ocrx_word' id='word_1_334' title='bbox 380 3677 440 3722; x_wconf 72' lang='lat'><strong>107.</strong></span> <span class='ocrx_word' id='word_1_335' title='bbox 458 3671 568 3735; x_wconf 81' lang='lat' dir='ltr'><strong>Osann,</strong></span> <span class='ocrx_word' id='word_1_336' title='bbox 595 3675 623 3720; x_wconf 88' lang='lat' dir='ltr'><strong>ut</strong></span> <span class='ocrx_word' id='word_1_337' title='bbox 648 3670 701 3719; x_wconf 86' lang='lat' dir='ltr'><strong>aliis</strong></span> <span class='ocrx_word' id='word_1_338' title='bbox 725 3670 857 3720; x_wconf 86' lang='lat' dir='ltr'><strong>nonnullis.</strong></span> <span class='ocrx_word' id='word_1_339' title='bbox 1023 3668 1048 3732; x_wconf 82' lang='lat' dir='ltr'><strong>c]</strong></span> <span class='ocrx_word' id='word_1_340' title='bbox 1065 3669 1115 3720; x_wconf 90' lang='lat' dir='ltr'><strong>Hc.</strong></span> <span class='ocrx_word' id='word_1_341' title='bbox 1157 3685 1190 3716; x_wconf 85' lang='lat' dir='ltr'><strong>ex</strong></span> <span class='ocrx_word' id='word_1_342' title='bbox 1207 3667 1321 3717; x_wconf 85' lang='lat' dir='ltr'><strong>Turncbi</strong></span> <span class='ocrx_word' id='word_1_343' title='bbox 1342 3665 1396 3716; x_wconf 91' lang='lat' dir='ltr'><strong>cod.</strong></span> 
     </span>
     <span class='ocr_line' id='line_1_38' title="bbox 281 3735 1398 3808; baseline -0.004 -18"><span class='ocrx_word' id='word_1_344' title='bbox 281 3751 322 3790; x_wconf 75' lang='lat' dir='ltr'><strong>est</strong></span> <span class='ocrx_word' id='word_1_345' title='bbox 339 3743 372 3792; x_wconf 87' lang='lat' dir='ltr'><strong>G.</strong></span> <span class='ocrx_word' id='word_1_346' title='bbox 409 3750 436 3790; x_wconf 85' lang='lat' dir='ltr'><strong>et</strong></span> <span class='ocrx_word' id='word_1_347' title='bbox 454 3745 514 3792; x_wconf 83' lang='lat' dir='ltr'><strong>cett.</strong></span> <span class='ocrx_word' id='word_1_348' title='bbox 622 3739 776 3808; x_wconf 84' lang='lat' dir='ltr'><strong>farciendo]</strong></span> <span class='ocrx_word' id='word_1_349' title='bbox 795 3741 859 3790; x_wconf 89' lang='lat' dir='ltr'><strong>coni.</strong></span> <span class='ocrx_word' id='word_1_350' title='bbox 881 3783 883 3792; x_wconf 83' lang='grc'><strong>,</strong></span> <span class='ocrx_word' id='word_1_351' title='bbox 890 3737 1018 3806; x_wconf 81' lang='lat' dir='ltr'><strong>faciendo</strong></span> <span class='ocrx_word' id='word_1_352' title='bbox 1038 3739 1111 3790; x_wconf 90' lang='lat' dir='ltr'><strong>codd.</strong></span> <span class='ocrx_word' id='word_1_353' title='bbox 1146 3737 1175 3790; x_wconf 92' lang='lat' dir='ltr'><strong>In</strong></span> <span class='ocrx_word' id='word_1_354' title='bbox 1194 3738 1306 3804; x_wconf 81' lang='lat' dir='ltr'><strong>pistrinis</strong></span> <span class='ocrx_word' id='word_1_355' title='bbox 1324 3735 1398 3786; x_wconf 84' lang='lat' dir='ltr'><strong>larris</strong></span> 
     </span>
     <span class='ocr_line' id='line_1_39' title="bbox 281 3806 1398 3878; baseline -0.009 -14"><span class='ocrx_word' id='word_1_356' title='bbox 281 3811 377 3864; x_wconf 79' lang='lat' dir='ltr'><strong>furfure</strong></span> <span class='ocrx_word' id='word_1_357' title='bbox 401 3827 480 3878; x_wconf 88' lang='lat' dir='ltr'><strong>pecus</strong></span> <span class='ocrx_word' id='word_1_358' title='bbox 507 3811 664 3878; x_wconf 81' lang='lat' dir='ltr'><strong>pascebatur.</strong></span> <span class='ocrx_word' id='word_1_359' title='bbox 707 3809 774 3862; x_wconf 89' lang='lat' dir='ltr'><strong>Hinc</strong></span> <span class='ocrx_word' id='word_1_360' title='bbox 792 3811 946 3862; x_wconf 69' lang='lat' dir='ltr'><strong>Columellas</strong></span> <span class='ocrx_word' id='word_1_361' title='bbox 967 3809 1109 3878; x_wconf 77' lang='lat' dir='ltr'><strong>pistrinale</strong></span> <span class='ocrx_word' id='word_1_362' title='bbox 1124 3826 1219 3876; x_wconf 82' lang='lat' dir='ltr'><strong>pecus,</strong></span> <span class='ocrx_word' id='word_1_363' title='bbox 1244 3813 1270 3858; x_wconf 81' lang='lat' dir='ltr'><strong>et</strong></span> <span class='ocrx_word' id='word_1_364' title='bbox 1284 3806 1398 3874; x_wconf 80' lang='lat' dir='ltr'><strong>pistores</strong></span> 
     </span>
     <span class='ocr_line' id='line_1_40' title="bbox 282 3879 1398 3950; baseline -0.006 -18"><span class='ocrx_word' id='word_1_365' title='bbox 282 3879 460 3950; x_wconf 76' lang='lat' dir='ltr'><strong>scroplzipasci</strong></span> <span class='ocrx_word' id='word_1_366' title='bbox 484 3882 552 3948; x_wconf 85' lang='lat' dir='ltr'><strong>apud</strong></span> <span class='ocrx_word' id='word_1_367' title='bbox 571 3883 698 3934; x_wconf 87' lang='lat' dir='ltr'><strong>Plautum.</strong></span> <span class='ocrx_word' id='word_1_368' title='bbox 845 3880 962 3946; x_wconf 84' lang='lat' dir='ltr'><strong>essetur]</strong></span> <span class='ocrx_word' id='word_1_369' title='bbox 979 3880 1092 3934; x_wconf 71' lang='lat' dir='ltr'><strong>Talmebi</strong></span> <span class='ocrx_word' id='word_1_370' title='bbox 1110 3879 1167 3933; x_wconf 84' lang='lat' dir='ltr'><strong>cod.</strong></span> <span class='ocrx_word' id='word_1_371' title='bbox 1203 3887 1271 3928; x_wconf 81' lang='lat' dir='ltr'><strong>esset</strong></span> <span class='ocrx_word' id='word_1_372' title='bbox 1284 3885 1316 3928; x_wconf 85' lang='lat' dir='ltr'><strong>ut</strong></span> <span class='ocrx_word' id='word_1_373' title='bbox 1336 3881 1398 3929; x_wconf 83' lang='lat' dir='ltr'><strong>cett.</strong></span> 
     </span>
     <span class='ocr_line' id='line_1_41' title="bbox 282 3949 1109 4020; baseline -0.005 -14"><span class='ocrx_word' id='word_1_374' title='bbox 282 3955 356 4006; x_wconf 88' lang='lat' dir='ltr'><strong>codd.</strong></span> <span class='ocrx_word' id='word_1_375' title='bbox 426 3953 539 4003; x_wconf 78' lang='lat' dir='ltr'><strong>Essetor</strong></span> <span class='ocrx_word' id='word_1_376' title='bbox 556 3968 602 4020; x_wconf 89' lang='lat' dir='ltr'><strong>pro</strong></span> <span class='ocrx_word' id='word_1_377' title='bbox 621 3953 752 4017; x_wconf 79' lang='lat' dir='ltr'><strong>ederetur,</strong></span> <span class='ocrx_word' id='word_1_378' title='bbox 777 3953 843 4004; x_wconf 88' lang='lat' dir='ltr'><strong>sicut</strong></span> <span class='ocrx_word' id='word_1_379' title='bbox 860 3960 935 4001; x_wconf 81' lang='lat' dir='ltr'><strong>estur</strong></span> <span class='ocrx_word' id='word_1_380' title='bbox 953 3967 999 4020; x_wconf 88' lang='lat' dir='ltr'><strong>pro</strong></span> <span class='ocrx_word' id='word_1_381' title='bbox 1017 3949 1109 4002; x_wconf 84' lang='lat' dir='ltr'><strong>editur.</strong></span> 
     </span>
    </p>
   </div>
   <div class='ocr_carea' id='block_1_6' title="bbox 283 4058 1398 4347">
    <p class='ocr_par' dir='ltr' id='par_1_7' title="bbox 283 4058 1398 4347">
     <span class='ocr_line' id='line_1_42' title="bbox 395 4058 1398 4137; baseline -0.017 -13"><span class='ocrx_word' id='word_1_382' title='bbox 395 4058 465 4124; x_wconf 77' lang='grc'><strong>107.</strong></span> <span class='ocrx_word' id='word_1_383' title='bbox 492 4067 675 4137; x_wconf 80' lang='lat' dir='ltr'><strong>frequentati]</strong></span> <span class='ocrx_word' id='word_1_384' title='bbox 700 4069 790 4135; x_wconf 85' lang='lat' dir='ltr'><strong>scripsi</strong></span> <span class='ocrx_word' id='word_1_385' title='bbox 813 4067 952 4134; x_wconf 79' lang='lat' dir='ltr'><strong>Spengclio</strong></span> <span class='ocrx_word' id='word_1_386' title='bbox 974 4066 1104 4120; x_wconf 82' lang='lat' dir='ltr'><strong>suadente.</strong></span> <span class='ocrx_word' id='word_1_387' title='bbox 1148 4061 1308 4136; x_wconf 76' lang='lat' dir='ltr'><strong>frequentia</strong></span> <span class='ocrx_word' id='word_1_388' title='bbox 1325 4059 1398 4114; x_wconf 90' lang='lat' dir='ltr'><strong>codd.</strong></span> 
     </span>
     <span class='ocr_line' id='line_1_43' title="bbox 283 4132 1394 4214; baseline -0.01 -21"><span class='ocrx_word' id='word_1_389' title='bbox 283 4142 380 4214; x_wconf 77' lang='lat' dir='ltr'><strong>&#39;‘globi]</strong></span> <span class='ocrx_word' id='word_1_390' title='bbox 398 4151 457 4196; x_wconf 76' lang='lat' dir='ltr'><strong>ante</strong></span> <span class='ocrx_word' id='word_1_391' title='bbox 475 4139 498 4190; x_wconf 93' lang='grc' dir='ltr'><strong>Ιι.</strong></span> <span class='ocrx_word' id='word_1_392' title='bbox 518 4156 541 4188; x_wconf 85' lang='lat' dir='ltr'><strong>v.</strong></span> <span class='ocrx_word' id='word_1_393' title='bbox 560 4139 647 4203; x_wconf 88' lang='lat' dir='ltr'><strong>omisi,</strong></span> <span class='ocrx_word' id='word_1_394' title='bbox 669 4140 737 4205; x_wconf 88' lang='lat' dir='ltr'><strong>quod</strong></span> <span class='ocrx_word' id='word_1_395' title='bbox 754 4144 793 4190; x_wconf 86' lang='lat' dir='ltr'><strong>est</strong></span> <span class='ocrx_word' id='word_1_396' title='bbox 811 4138 835 4188; x_wconf 90' lang='lat' dir='ltr'><strong>in</strong></span> <span class='ocrx_word' id='word_1_397' title='bbox 854 4138 943 4202; x_wconf 85' lang='lat' dir='ltr'><strong>codd,</strong></span> <span class='ocrx_word' id='word_1_398' title='bbox 968 4155 986 4187; x_wconf 87' lang='lat' dir='ltr'><strong>a</strong></span> <span class='ocrx_word' id='word_1_399' title='bbox 1000 4135 1084 4208; x_wconf 79' lang='lat' dir='ltr'><strong>globo.</strong></span> <span class='ocrx_word' id='word_1_400' title='bbox 1240 4133 1348 4202; x_wconf 62' lang='lat' dir='ltr'><strong>quous]</strong></span> <span class='ocrx_word' id='word_1_401' title='bbox 1362 4132 1394 4208; x_wconf 87' lang='lat' dir='ltr'>G</span> 
     </span>
     <span class='ocr_line' id='line_1_44' title="bbox 283 4207 1397 4285; baseline -0.012 -21"><span class='ocrx_word' id='word_1_402' title='bbox 283 4213 358 4285; x_wconf 83' lang='lat' dir='ltr'><strong>quois</strong></span> <span class='ocrx_word' id='word_1_403' title='bbox 376 4215 409 4266; x_wconf 87' lang='grc' dir='ltr'><strong>Η,</strong></span> <span class='ocrx_word' id='word_1_404' title='bbox 446 4211 538 4284; x_wconf 72' lang='lat' dir='ltr'><strong>quoius</strong></span> <span class='ocrx_word' id='word_1_405' title='bbox 556 4225 578 4260; x_wconf 89' lang='lat' dir='ltr'><strong>c.</strong></span> <span class='ocrx_word' id='word_1_406' title='bbox 614 4210 684 4261; x_wconf 78' lang='lat' dir='ltr'><strong>conis</strong></span> <span class='ocrx_word' id='word_1_407' title='bbox 702 4210 726 4260; x_wconf 89' lang='lat' dir='ltr'><strong>b.</strong></span> <span class='ocrx_word' id='word_1_408' title='bbox 767 4208 842 4258; x_wconf 81' lang='lat' dir='ltr'><strong>cuius</strong></span> <span class='ocrx_word' id='word_1_409' title='bbox 860 4214 919 4260; x_wconf 78' lang='lat' dir='ltr'><strong>cett.</strong></span> <span class='ocrx_word' id='word_1_410' title='bbox 1055 4207 1175 4271; x_wconf 83' lang='lat' dir='ltr'><strong>exuitur]</strong></span> <span class='ocrx_word' id='word_1_411' title='bbox 1194 4207 1260 4256; x_wconf 88' lang='lat' dir='ltr'><strong>coni.</strong></span> <span class='ocrx_word' id='word_1_412' title='bbox 1297 4214 1325 4276; x_wconf 71' lang='lat' dir='ltr'><strong>‘i</strong></span> <span class='ocrx_word' id='word_1_413' title='bbox 1342 4219 1397 4252; x_wconf 75' lang='lat' dir='ltr'><strong>urt-</strong></span> 
     </span>
     <span class='ocr_line' id='line_1_45' title="bbox 284 4278 1246 4347; baseline -0.007 -13"><span class='ocrx_word' id='word_1_414' title='bbox 284 4294 331 4336; x_wconf 76' lang='lat' dir='ltr'><strong>tur</strong></span> <span class='ocrx_word' id='word_1_415' title='bbox 347 4287 402 4337; x_wconf 85' lang='lat' dir='ltr'><strong>abc.</strong></span> <span class='ocrx_word' id='word_1_416' title='bbox 438 4281 561 4335; x_wconf 80' lang='lat' dir='ltr'><strong>exoritur</strong></span> <span class='ocrx_word' id='word_1_417' title='bbox 578 4284 638 4332; x_wconf 83' lang='lat' dir='ltr'><strong>cett.</strong></span> <span class='ocrx_word' id='word_1_418' title='bbox 762 4279 861 4345; x_wconf 70' lang='lat' dir='ltr'><strong>atrion]</strong></span> <span class='ocrx_word' id='word_1_419' title='bbox 880 4287 949 4332; x_wconf 76' lang='lat' dir='ltr'><strong>recte</strong></span> <span class='ocrx_word' id='word_1_420' title='bbox 967 4279 1089 4347; x_wconf 82' lang='lat' dir='ltr'><strong>explicuit</strong></span> <span class='ocrx_word' id='word_1_421' title='bbox 1105 4278 1246 4330; x_wconf 82' lang='lat' dir='ltr'><strong>Turnebus.</strong></span> 
     </span>
    </p>
   </div>
   <div class='ocr_carea' id='block_1_7' title="bbox 0 0 1436 4814">
    <p class='ocr_par' dir='ltr' id='par_1_8' title="bbox 0 0 1436 4814">
     <span class='ocr_line' id='line_1_46' title="bbox 0 0 1436 4814; baseline 0 0"><span class='ocrx_word' id='word_1_422' title='bbox 0 0 1436 4814; x_wconf 95' lang='lat' dir='ltr'><strong> </strong></span> 
     </span>
    </p>
   </div>
  </div>
 </body>
</html>
