2874 4804
273 255 356 334 253
664 283 786 330 urnuu
826 282 1021 330 nucruus.

237 443 264 516 2
376 443 417 517 5.
460 443 517 518 Ite
543 443 768 519 similitudine
793 455 829 518 et
851 441 1132 517 dissimilitudine
1157 442 1235 516 ideo
1260 445 1415 540 primum

273 545 476 642 dicendum,
504 547 599 648 quod
621 573 662 620 ea
683 571 739 619 res
758 557 813 620 est
834 545 1097 619 fundamentum
1123 547 1279 618 omnium
1306 543 1415 617 deeli-

214 649 453 722 monatianum
478 673 521 720 ae
551 650 704 722 eontinet
736 650 903 722 rationem
935 646 1133 721 verborum.
1194 644 1320 720 Simile
1349 659 1414 737 est,

273 750 369 848 qnod
394 776 449 823 res
481 749 666 847 plerasque
691 747 819 823 hahere
849 749 988 825 videtur
1012 749 1173 844 easdem,
1211 773 1300 846 quas
1326 747 1416 819 illud

273 853 400 951 quoius
432 851 517 948 quid
549 851 673 925 simile.
736 849 914 925 Dissimile
945 862 1017 942 est,
1053 851 1148 949 qnod
1173 849 1312 922 videtur
1342 875 1415 922 esse

274 953 485 1028 contrarium
517 951 637 1025 huius.
699 951 888 1026 Minimum
918 979 962 1026 ex
987 951 1123 1026 duobus
1148 961 1286 1026 constat
1310 977 1414 1024 omne

273 1054 405 1148 simile,
443 1055 525 1126 item
556 1052 744 1143 dissimile,
781 1053 877 1151 quod
909 1052 997 1126 nihil
1029 1065 1144 1153 potest
1169 1056 1251 1126 esse
1283 1051 1410 1144 simile,

274 1158 361 1255 quin
392 1154 540 1228 aheuius
571 1155 618 1227 sit
650 1154 781 1245 simile,
825 1157 907 1228 item
939 1153 1028 1228 nihil
1066 1154 1195 1227 dieitur
1228 1154 1411 1246 dissimile,

275 1259 362 1354 quin
387 1255 556 1347 addatur,
586 1259 712 1353 quoius
736 1258 782 1328 sit
806 1254 981 1330 dissimile.
1113 1253 1154 1328 ll.
1194 1256 1257 1329 Sic
1285 1256 1414 1326 dicitur

276 1358 398 1432 similis
422 1357 528 1432 homo
557 1357 712 1451 homini,
752 1383 863 1456 equos
895 1385 1008 1456 equo,
1043 1369 1078 1430 et
1103 1357 1279 1430 dissimilis
1305 1356 1412 1429 homo

276 1485 390 1558 equ03
425 1485 506 1532 nam
530 1459 642 1533 'simile
665 1471 717 1534 est
741 1458 847 1534 homo
868 1459 1021 1552 homini,
1048 1458 1127 1532 ideo
1151 1459 1246 1557 quod
1272 1459 1414 1532 easdem

276 1560 408 1658 figuras
431 1559 664 1634 membrorum
696 1559 845 1655 hahent,
878 1587 967 1660 quae
992 1585 1052 1632 eos
1077 1560 1236 1633 dividunt
1262 1559 1308 1632 ah
1334 1561 1414 1632 reli·

276 1687 426 1760 quorum
451 1662 651 1735 animalium
675 1665 811 1760 speeie:
846 1665 884 1734 in
905 1665 990 1760 ipsis
1014 1660 1212 1734 hominihus
1238 1662 1348 1732 simili
1372 1661 1414 1734 de

278 1787 383 1834 eausa
407 1763 463 1834 vir
485 1765 561 1835 viro
584 1764 748 1857 similior,
784 1789 890 1860 quam
911 1767 966 1836 vir
990 1762 1146 1856 mulieri,
1181 1763 1278 1861 quod
1300 1763 1413 1861 pluris

216 1862 407 1949 545hnhent
428 1863 565 1936 easdem
591 1866 719 1962 partis3
745 1876 779 1936 et
805 1867 856 1938 sie
881 1868 995 1938 senior
1019 1867 1093 1939 seui
1118 1865 1275 1958 similior,
1305 1891 1413 1963 quam

216 1963 400 2065 “puero.
463 1965 521 2038 Eo
555 1991 660 2063 porro
694 1964 876 2039 similiores
911 1978 1014 2058 snut,
1054 1967 1116 2064 qui
1148 1966 1237 2039 faeie
1272 1991 1413 2065 quoque

276 2093 387 2164 paene
409 2049 542 2158 eadem,
570 2065 691 2138 hahitu
713 2069 869 2165 eorporis
892 2078 928 2140 et
951 2067 1025 2140 filo.
1073 2067 1197 2166 Itaque
1222 2069 1287 2166 qui
1311 2069 1412 2167 plura

277 2166 408 2241 hahent
431 2168 573 2261 eadem,
608 2167 999 2260 dicuntursimiliores:
1029 2172 1091 2269 qui
1114 2196 1285 2268 proxume
1311 2196 1411 2242 aeeo-

277 2267 366 2341 dunt
390 2270 437 2341 ad
458 2269 508 2364 id,
535 2280 575 2343 ut
600 2271 715 2342 omnia
739 2267 891 2345 habeant
913 2271 1047 2366 eadem,
1075 2283 1244 2346 vocantur
1264 2274 1408 2372 gemini,

276 2371 455 2444 simillimi.
1432 2369 1433 2376 '

378 2479 420 2555 5.
457 2480 551 2556 Sunt
575 2483 637 2580 qui
658 2482 722 2554 tris
743 2494 884 2558 naturas
907 2510 1025 2560 rerum
1046 2493 1170 2584 putant
1188 2509 1265 2559 esse
1285 2485 1410 2574 simile,

278 2583 463 2675 dissimile,
491 2595 672 2675 neutrum,
701 2583 796 2681 quod
818 2586 1056 2660 aliasvoeent
1078 2611 1149 2658 uon
1174 2587 1300 2679 simile,
1329 2586 1412 2660 alias

277 2709 350 2756 uon
370 2683 555 2758 dissimile:
582 2685 690 2780 J,Sed
715 2689 873 2784 quamvis
899 2689 966 2758 tria
987 2690 1057 2760 sint
1078 2687 1203 2781 simile,
1230 2685 1411 2779 dissimile,

277 2795 462 2878 neutrum,
490 2797 605 2858 tamen
631 2796 749 2882 potest
774 2785 883 2859 dividi
904 2789 1008 2860 etiam
1032 2791 1068 2861 iu
1094 2789 1180 2861 duas
1205 2800 1324 2887 partes
1348 2793 1411 2882 sie,

278 2885 513 2987 quodcunque
538 2886 721 2981 conferas,
750 2897 812 2960 aut
835 2889 948 2965 simile
972 2915 1070 2985 esse,
1098 2901 1159 2964 aut
1183 2917 1254 2964 uon
1277 2897 1413 2986 esse:†

372 3079 424 3145 ’3.
450 3090 548 3144 habere
564 3090 683 3161 videtur]
701 3093 779 3147 Gna
814 3090 923 3145 videtur
939 3091 1038 3144 hahere
1055 3093 1086 3147 F.
1111 3099 1142 3146 ut
1158 3110 1201 3164 vg.
1318 3095 1412 3166 quoius

280 3164 357 3239 quid]
375 3167 443 3220 coni.
462 3166 562 3232 scripsi.
607 3163 757 3237 quoiusque
775 3165 810 3216 G.
854 3162 983 3233 cuiusque
1001 3169 1063 3218 cett.
1081 3166 1158 3220 codd.
1201 3164 1270 3219 illud
1289 3166 1431 3221 Varronis*

190 3243 196 3256 ’
280 3239 390 3292 orationi
407 3235 711 3291 accommodatissimum.
747 3237 781 3292 V.
798 3250 856 3288 ann.
874 3235 908 3288 ad
927 3236 981 3302 VI,
998 3241 1043 3291 tt).

352 3350 354 3362 ¹
392 3347 423 3413 4.
449 3359 541 3432 equos]
559 3376 645 3429 equus
662 3358 738 3413 codd.
851 3355 947 3425 simile]
961 3357 1036 3412 nna.
1073 3356 1168 3409 similis
1178 3359 1213 3411 G.
1230 3363 1261 3412 ut
1280 3375 1324 3427 vg.
1362 3360 1430 3416 Sed,

184 3435 212 3464 ·“
281 3451 307 3489 v.
321 3441 407 3489 annot.
423 3433 455 3486 ad
468 3432 540 3495 VIII,
551 3434 595 3482 41.
690 3427 806 3498 corporis
823 3437 851 3479 et
863 3428 929 3498 filo]
941 3431 1041 3497 scripsi.
1078 3429 1194 3494 eorporis
1205 3429 1260 3498 filo
1277 3431 1354 3498 (fillo
1367 3433 1410 3498 G.)

283 3507 359 3560 eodd.
400 3505 442 3558 Illi
467 3504 623 3556 simillimum
641 3506 682 3554 est
699 3501 768 3568 quod
785 3500 882 3567 legitur
899 3501 967 3568 apud
985 3499 1100 3552 Gellium
1116 3500 1143 3566 Ι,
1162 3505 1194 3566 9,
1211 3505 1255 3569 2.,
1284 3505 1357 3569 quod
1374 3519 1409 3556 me

280 3580 380 3632 monuit
395 3578 428 3630 V.
439 3577 471 3628 D.
481 3577 513 3628 Δ.
523 3575 617 3627 Lion.
654 3572 770 3640 corporis
787 3571 869 3622 simili
886 3588 945 3638 rga
962 3571 1009 3624 sed
1027 3571 1154 3641 displicet,
1167 3572 1237 3639 quod
1254 3572 1409 3628 similitudo.

282 3653 355 3704 euius
372 3649 445 3703 notio
463 3645 608 3700 defimenda
626 3649 681 3710 est,
699 3644 725 3696 iu
743 3642 887 3696 definiendo
905 3643 1023 3698 recurrit.

348 3765 352 3772 ⁴
392 3757 423 3821 5.
447 3769 565 3839 putant]
584 3768 662 3822 Gna.
701 3773 803 3836 putent
820 3765 851 3820 F.
876 3772 906 3819 ut
923 3783 967 3835 vg.
1095 3765 1167 3838 quod
1183 3764 1255 3817 alias
1272 3806 1300 3820 ..
1317 3807 1324 3820 .
1341 3808 1348 3821 .
1365 3783 1410 3818 non

282 3841 420 3909 dissimile]
439 3857 490 3894 om.
504 3840 566 3892 GH.
602 3839 689 3892 Etiam
707 3841 795 3905 plura:
819 3847 944 3889 neutrum
963 3836 1153 3895 ....simile,
1172 3835 1299 3888 dissimile
1317 3855 1369 3891 om.
1382 3855 1411 3902 a.‚

280 3919 299 3970 i.
312 3933 336 3970 e.
355 3913 441 3967 omnia
458 3913 527 3965 inter
544 3911 615 3978 prius
635 3917 661 3963 et
680 3911 789 3964 alterum
807 3918 941 3962 neutrum.
1054 3908 1134 3974 †Sed
1147 3907 1271 3980 quamvis
1366 3916 1412 3960 eut

281 4006 334 4039 non
351 3984 444 4052 esse†]
470 3983 521 4036 His
536 3982 634 4034 turbari
652 3982 840 4034 sententiarum
859 3981 990 4044 ordinem,
1016 3981 1074 4045 quis
1092 3995 1143 4032 non
1162 3979 1312 4046 intelligat?
1349 3980 1411 4033 Nau

282 4061 342 4111 sum
359 4058 444 4113 Varro
462 4053 616 4107 sententiam
634 4069 724 4106 eorum
742 4052 910 4116 indicaverit,
935 4053 978 4119 qui
997 4045 1196 4105 tria‘statuautr
1221 4051 1320 4117 simile,
1340 4052 1412 4104 dissi·

282 4130 361 4192 mite,
391 4133 528 4191 nentrum,
560 4129 639 4191 atque
662 4126 715 4177 iam
736 4123 912 4191 explicaturus
935 4124 983 4188 sit,
1008 4121 1129 4188 quidnam
1153 4123 1190 4174 itti
1213 4122 1300 4176 dicant
1325 4124 1412 4186 simite,

281 4198 422 4262 dissimile,
446 4203 580 4260 neutrum,
607 4201 715 4264 postea,
744 4200 863 4251 neutrum
882 4209 934 4247 uon
958 4210 1116 4263 magnopere
1134 4193 1239 4247 differre
1257 4211 1273 4246 a
1291 4193 1428 4256 dissimili,¹

282 4269 433 4322 additurus:
461 4283 513 4320 non
531 4272 618 4336 potest
635 4266 704 4318 idem
723 4267 848 4334 scriptor,
873 4271 1012 4332 antequam
1029 4266 1091 4331 quid
1108 4266 1143 4318 sit
1160 4266 1258 4330 simile,
1283 4265 1410 4328 dissimile,

283 4345 402 4394 neutrum
419 4337 530 4404 dixerit,
557 4337 606 4391 hoe
622 4337 760 4392 discrimen
777 4338 829 4392 iarn
846 4337 954 4404 tollere,
980 4343 1009 4392 et
1031 4349 1098 4405 quae
1121 4337 1213 4392 niuno
1231 4339 1290 4392 loeo
1307 4336 1411 4391 dicentis
