<?xml version="1.0" encoding="UTF-8"?>
<!DOCTYPE html PUBLIC "-//W3C//DTD XHTML 1.0 Transitional//EN"
    "http://www.w3.org/TR/xhtml1/DTD/xhtml1-transitional.dtd">
<html xmlns="http://www.w3.org/1999/xhtml" xml:lang="en" lang="en">
 <head>
  <title>
</title>
<meta http-equiv="Content-Type" content="text/html;charset=utf-8" />
  <meta name='ocr-system' content='tesseract 3.04.00' />
  <meta name='ocr-capabilities' content='ocr_page ocr_carea ocr_par ocr_line ocrx_word'/>
</head>
<body>
  <div class='ocr_page' id='page_1' title='image "./mterentivarroni00mlgoog/mterentivarroni00mlgoog_0041.png"; bbox 0 0 2890 4820; ppageno 0'>
   <div class='ocr_carea' id='block_1_1' title="bbox 495 253 1194 350">
    <p class='ocr_par' dir='ltr' id='par_1_1' title="bbox 495 253 1194 350">
     <span class='ocr_line' id='line_1_1' title="bbox 495 253 1194 350; baseline 0.006 -24"><span class='ocrx_word' id='word_1_1' title='bbox 495 253 749 327; x_wconf 82' lang='lat' dir='ltr'><strong>norronrs.</strong></span> <span class='ocrx_word' id='word_1_2' title='bbox 1097 279 1194 350; x_wconf 65' lang='lat' dir='ltr'>XXXY</span> 
     </span>
    </p>
   </div>
   <div class='ocr_carea' id='block_1_2' title="bbox 56 437 1300 3086">
    <p class='ocr_par' dir='ltr' id='par_1_2' title="bbox 61 437 1300 1641">
     <span class='ocr_line' id='line_1_2' title="bbox 67 437 1195 542; baseline 0.004 -32"><span class='ocrx_word' id='word_1_3' title='bbox 67 445 105 510; x_wconf 84' lang='lat' dir='ltr'><strong>Io</strong></span> <span class='ocrx_word' id='word_1_4' title='bbox 131 443 213 508; x_wconf 78' lang='lat' dir='ltr'><strong>haec</strong></span> <span class='ocrx_word' id='word_1_5' title='bbox 244 451 326 504; x_wconf 84' lang='lat' dir='ltr'><strong>cunt</strong></span> <span class='ocrx_word' id='word_1_6' title='bbox 355 441 543 528; x_wconf 82' lang='lat' dir='ltr'><strong>tripartita</strong></span> <span class='ocrx_word' id='word_1_7' title='bbox 573 437 707 520; x_wconf 64' lang='lat' dir='ltr'><strong>verba„</strong></span> <span class='ocrx_word' id='word_1_8' title='bbox 725 459 814 542; x_wconf 77' lang='lat' dir='ltr'><strong>quae</strong></span> <span class='ocrx_word' id='word_1_9' title='bbox 842 437 924 506; x_wconf 84' lang='lat' dir='ltr'><strong>cunt</strong></span> <span class='ocrx_word' id='word_1_10' title='bbox 952 455 1016 508; x_wconf 85' lang='lat' dir='ltr'><strong>aut</strong></span> <span class='ocrx_word' id='word_1_11' title='bbox 1043 459 1105 513; x_wconf 90' lang='lat' dir='ltr'><strong>etc.</strong></span> <span class='ocrx_word' id='word_1_12' title='bbox 1135 441 1195 536; x_wconf 72' lang='lat' dir='ltr'><strong>(V,</strong></span> 
     </span>
     <span class='ocr_line' id='line_1_3' title="bbox 69 523 1197 612; baseline 0.007 -19"><span class='ocrx_word' id='word_1_13' title='bbox 69 527 139 612; x_wconf 77' lang='lat' dir='ltr'><strong>ln).</strong></span> <span class='ocrx_word' id='word_1_14' title='bbox 200 527 252 592; x_wconf 90' lang='lat' dir='ltr'><strong>De</strong></span> <span class='ocrx_word' id='word_1_15' title='bbox 280 527 475 594; x_wconf 79' lang='lat' dir='ltr'><strong>attractionis</strong></span> <span class='ocrx_word' id='word_1_16' title='bbox 505 527 599 592; x_wconf 83' lang='lat' dir='ltr'><strong>variis</strong></span> <span class='ocrx_word' id='word_1_17' title='bbox 630 527 822 612; x_wconf 82' lang='lat' dir='ltr'><strong>genenhus,</strong></span> <span class='ocrx_word' id='word_1_18' title='bbox 862 523 905 590; x_wconf 89' lang='lat' dir='ltr'><strong>de</strong></span> <span class='ocrx_word' id='word_1_19' title='bbox 935 530 1132 599; x_wconf 87' lang='lat' dir='ltr'><strong>anacoluthis</strong></span> <span class='ocrx_word' id='word_1_20' title='bbox 1163 549 1197 601; x_wconf 92' lang='lat' dir='ltr'><strong>et</strong></span> 
     </span>
     <span class='ocr_line' id='line_1_4' title="bbox 67 611 1197 704; baseline 0.007 -26"><span class='ocrx_word' id='word_1_21' title='bbox 67 613 218 702; x_wconf 85' lang='lat' dir='ltr'><strong>ellipseos,</strong></span> <span class='ocrx_word' id='word_1_22' title='bbox 240 633 338 698; x_wconf 82' lang='lat' dir='ltr'><strong>saepe</strong></span> <span class='ocrx_word' id='word_1_23' title='bbox 357 611 530 679; x_wconf 80' lang='lat' dir='ltr'>admodum</span> <span class='ocrx_word' id='word_1_24' title='bbox 547 612 665 690; x_wconf 80' lang='lat' dir='ltr'><strong>durae,</strong></span> <span class='ocrx_word' id='word_1_25' title='bbox 686 612 834 700; x_wconf 87' lang='lat' dir='ltr'><strong>exemplis</strong></span> <span class='ocrx_word' id='word_1_26' title='bbox 849 633 934 700; x_wconf 89' lang='lat' dir='ltr'><strong>quae</strong></span> <span class='ocrx_word' id='word_1_27' title='bbox 952 616 1067 704; x_wconf 88' lang='lat' dir='ltr'><strong>passim</strong></span> <span class='ocrx_word' id='word_1_28' title='bbox 1086 630 1197 686; x_wconf 91' lang='lat' dir='ltr'><strong>notata</strong></span> 
     </span>
     <span class='ocr_line' id='line_1_5' title="bbox 67 697 1194 777; baseline 0.005 -13"><span class='ocrx_word' id='word_1_29' title='bbox 67 712 149 777; x_wconf 90' lang='lat' dir='ltr'><strong>sunt,</strong></span> <span class='ocrx_word' id='word_1_30' title='bbox 182 697 316 764; x_wconf 86' lang='lat' dir='ltr'><strong>indicavi</strong></span> <span class='ocrx_word' id='word_1_31' title='bbox 339 698 371 764; x_wconf 91' lang='lat' dir='ltr'><strong>in</strong></span> <span class='ocrx_word' id='word_1_32' title='bbox 394 699 515 765; x_wconf 79' lang='lat' dir='ltr'><strong>Indice.</strong></span> <span class='ocrx_word' id='word_1_33' title='bbox 559 698 710 765; x_wconf 85' lang='lat' dir='ltr'>Omnium</span> <span class='ocrx_word' id='word_1_34' title='bbox 732 711 838 765; x_wconf 90' lang='lat' dir='ltr'><strong>autem</strong></span> <span class='ocrx_word' id='word_1_35' title='bbox 864 699 1003 766; x_wconf 85' lang='lat' dir='ltr'><strong>maxime</strong></span> <span class='ocrx_word' id='word_1_36' title='bbox 1023 702 1194 770; x_wconf 91' lang='lat' dir='ltr'><strong>intellectui</strong></span> 
     </span>
     <span class='ocr_line' id='line_1_6' title="bbox 67 783 1197 872; baseline 0.005 -23"><span class='ocrx_word' id='word_1_37' title='bbox 67 785 207 852; x_wconf 84' lang='lat' dir='ltr'><strong>offecisse</strong></span> <span class='ocrx_word' id='word_1_38' title='bbox 223 784 347 850; x_wconf 86' lang='lat' dir='ltr'><strong>videtur</strong></span> <span class='ocrx_word' id='word_1_39' title='bbox 364 783 531 872; x_wconf 83' lang='lat' dir='ltr'><strong>singularis</strong></span> <span class='ocrx_word' id='word_1_40' title='bbox 548 785 598 852; x_wconf 92' lang='lat' dir='ltr'><strong>illa</strong></span> <span class='ocrx_word' id='word_1_41' title='bbox 616 783 816 850; x_wconf 84' lang='lat' dir='ltr'><strong>relativorum</strong></span> <span class='ocrx_word' id='word_1_42' title='bbox 831 787 1046 854; x_wconf 88' lang='lat' dir='ltr'><strong>membrorum</strong></span> <span class='ocrx_word' id='word_1_43' title='bbox 1064 811 1197 854; x_wconf 88' lang='lat' dir='ltr'><strong>coacer-</strong></span> 
     </span>
     <span class='ocr_line' id='line_1_7' title="bbox 66 868 1195 958; baseline 0.009 -26"><span class='ocrx_word' id='word_1_44' title='bbox 66 871 141 936; x_wconf 85' lang='lat' dir='ltr'><strong>vatio</strong></span> <span class='ocrx_word' id='word_1_45' title='bbox 175 882 209 938; x_wconf 90' lang='lat' dir='ltr'><strong>et</strong></span> <span class='ocrx_word' id='word_1_46' title='bbox 238 869 427 958; x_wconf 82' lang='lat' dir='ltr'><strong>implicatio,</strong></span> <span class='ocrx_word' id='word_1_47' title='bbox 471 892 555 958; x_wconf 90' lang='lat' dir='ltr'><strong>quae</strong></span> <span class='ocrx_word' id='word_1_48' title='bbox 590 868 724 937; x_wconf 86' lang='lat' dir='ltr'><strong>Varroni</strong></span> <span class='ocrx_word' id='word_1_49' title='bbox 755 868 835 934; x_wconf 83' lang='lat' dir='ltr'><strong>mire</strong></span> <span class='ocrx_word' id='word_1_50' title='bbox 871 871 1029 957; x_wconf 83' lang='lat' dir='ltr'><strong>placuisse</strong></span> <span class='ocrx_word' id='word_1_51' title='bbox 1062 873 1195 944; x_wconf 84' lang='lat' dir='ltr'><strong>ridetur.</strong></span> 
     </span>
     <span class='ocr_line' id='line_1_8' title="bbox 65 953 1198 1059; baseline 0.007 -40"><span class='ocrx_word' id='word_1_52' title='bbox 65 955 190 1022; x_wconf 87' lang='lat' dir='ltr'><strong>Sicubi</strong></span> <span class='ocrx_word' id='word_1_53' title='bbox 212 957 354 1022; x_wconf 84' lang='lat' dir='ltr'><strong>scribere</strong></span> <span class='ocrx_word' id='word_1_54' title='bbox 375 967 502 1059; x_wconf 85' lang='lat' dir='ltr'><strong>poterat</strong></span> <span class='ocrx_word' id='word_1_55' title='bbox 524 956 623 1043; x_wconf 91' lang='lat' dir='ltr'><strong>(Vll,</strong></span> <span class='ocrx_word' id='word_1_56' title='bbox 644 953 733 1040; x_wconf 83' lang='lat'><strong>39.):</strong></span> <span class='ocrx_word' id='word_1_57' title='bbox 764 955 812 1018; x_wconf 84' lang='lat' dir='ltr'><strong>Ab</strong></span> <span class='ocrx_word' id='word_1_58' title='bbox 833 953 973 1026; x_wconf 87' lang='lat' dir='ltr'><strong>Lucanis</strong></span> <span class='ocrx_word' id='word_1_59' title='bbox 997 961 1198 1048; x_wconf 84' lang='lat' dir='ltr'><strong>elephantem</strong></span> 
     </span>
     <span class='ocr_line' id='line_1_9' title="bbox 65 1039 1198 1132; baseline 0.005 -26"><span class='ocrx_word' id='word_1_60' title='bbox 65 1041 184 1108; x_wconf 87' lang='lat' dir='ltr'><strong>Lucam</strong></span> <span class='ocrx_word' id='word_1_61' title='bbox 215 1044 327 1108; x_wconf 87' lang='lat' dir='ltr'><strong>hovem</strong></span> <span class='ocrx_word' id='word_1_62' title='bbox 355 1041 476 1108; x_wconf 85' lang='lat' dir='ltr'><strong>rhotum</strong></span> <span class='ocrx_word' id='word_1_63' title='bbox 508 1053 601 1128; x_wconf 88' lang='lat' dir='ltr'><strong>putat</strong></span> <span class='ocrx_word' id='word_1_64' title='bbox 630 1040 685 1106; x_wconf 91' lang='lat' dir='ltr'><strong>Vir</strong></span> <span class='ocrx_word' id='word_1_65' title='bbox 710 1039 797 1118; x_wconf 86' lang='lat' dir='ltr'><strong>ilius,</strong></span> <span class='ocrx_word' id='word_1_66' title='bbox 839 1042 880 1104; x_wconf 89' lang='lat' dir='ltr'><strong>ab</strong></span> <span class='ocrx_word' id='word_1_67' title='bbox 910 1065 949 1107; x_wconf 88' lang='lat' dir='ltr'><strong>eo</strong></span> <span class='ocrx_word' id='word_1_68' title='bbox 979 1046 1066 1132; x_wconf 87' lang='lat' dir='ltr'><strong>quod</strong></span> <span class='ocrx_word' id='word_1_69' title='bbox 1096 1046 1198 1114; x_wconf 82' lang='lat' dir='ltr'><strong>nostri</strong></span> 
     </span>
     <span class='ocr_line' id='line_1_10' title="bbox 65 1061 1197 1222; baseline 0.007 -31"><span class='ocrx_word' id='word_1_70' title='bbox 65 1125 226 1194; x_wconf 86' lang='lat' dir='ltr'><strong>Lucanam</strong></span> <span class='ocrx_word' id='word_1_71' title='bbox 248 1129 362 1193; x_wconf 80' lang='lat' dir='ltr'><strong>bovem</strong></span> <span class='ocrx_word' id='word_1_72' title='bbox 384 1150 455 1192; x_wconf 91' lang='lat' dir='ltr'><strong>eam</strong></span> <span class='ocrx_word' id='word_1_73' title='bbox 478 1137 661 1214; x_wconf 82' lang='lat' dir='ltr'><strong>putassent3</strong></span> <span class='ocrx_word' id='word_1_74' title='bbox 685 1061 804 1189; x_wconf 66' lang='lat' dir='ltr'><strong>iterem</strong></span> <span class='ocrx_word' id='word_1_75' title='bbox 826 1125 908 1191; x_wconf 90' lang='lat' dir='ltr'><strong>enim</strong></span> <span class='ocrx_word' id='word_1_76' title='bbox 930 1131 1097 1197; x_wconf 83' lang='lat' dir='ltr'><strong>maximam</strong></span> <span class='ocrx_word' id='word_1_77' title='bbox 1118 1155 1197 1222; x_wconf 89' lang='lat' dir='ltr'><strong>qua-</strong></span> 
     </span>
     <span class='ocr_line' id='line_1_11' title="bbox 65 1209 1198 1303; baseline 0.005 -26"><span class='ocrx_word' id='word_1_78' title='bbox 65 1212 252 1302; x_wconf 88' lang='lat' dir='ltr'><strong>drupedem,</strong></span> <span class='ocrx_word' id='word_1_79' title='bbox 281 1235 375 1302; x_wconf 83' lang='lat' dir='ltr'><strong>quam</strong></span> <span class='ocrx_word' id='word_1_80' title='bbox 398 1212 578 1290; x_wconf 87' lang='lat' dir='ltr'><strong>habehant,</strong></span> <span class='ocrx_word' id='word_1_81' title='bbox 610 1209 783 1290; x_wconf 83' lang='lat' dir='ltr'><strong>vocabant,</strong></span> <span class='ocrx_word' id='word_1_82' title='bbox 813 1221 846 1276; x_wconf 85' lang='lat' dir='ltr'><strong>et</strong></span> <span class='ocrx_word' id='word_1_83' title='bbox 864 1210 896 1275; x_wconf 90' lang='lat' dir='ltr'><strong>in</strong></span> <span class='ocrx_word' id='word_1_84' title='bbox 917 1209 1198 1303; x_wconf 77' lang='lat' dir='ltr'><strong>Lucanisl’yrrhi</strong></span> 
     </span>
     <span class='ocr_line' id='line_1_12' title="bbox 64 1294 1198 1388; baseline 0.005 -26"><span class='ocrx_word' id='word_1_85' title='bbox 64 1299 139 1365; x_wconf 90' lang='lat' dir='ltr'><strong>hello</strong></span> <span class='ocrx_word' id='word_1_86' title='bbox 169 1299 304 1388; x_wconf 90' lang='lat' dir='ltr'><strong>primum</strong></span> <span class='ocrx_word' id='word_1_87' title='bbox 332 1297 476 1366; x_wconf 82' lang='lat' dir='ltr'><strong>viderant</strong></span> <span class='ocrx_word' id='word_1_88' title='bbox 503 1295 589 1384; x_wconf 86' lang='lat' dir='ltr'><strong>apud</strong></span> <span class='ocrx_word' id='word_1_89' title='bbox 612 1294 719 1363; x_wconf 88' lang='lat' dir='ltr'><strong>hostes</strong></span> <span class='ocrx_word' id='word_1_90' title='bbox 742 1295 928 1384; x_wconf 82' lang='lat' dir='ltr'><strong>elephantos</strong></span> <span class='ocrx_word' id='word_1_91' title='bbox 949 1334 1009 1379; x_wconf 91' lang='lat'><strong>—,</strong></span> <span class='ocrx_word' id='word_1_92' title='bbox 1042 1300 1123 1366; x_wconf 89' lang='lat' dir='ltr'><strong>haec</strong></span> <span class='ocrx_word' id='word_1_93' title='bbox 1144 1301 1198 1368; x_wconf 89' lang='lat' dir='ltr'><strong>tali</strong></span> 
     </span>
     <span class='ocr_line' id='line_1_13' title="bbox 63 1379 1198 1472; baseline 0.002 -24"><span class='ocrx_word' id='word_1_94' title='bbox 63 1386 209 1453; x_wconf 85' lang='lat' dir='ltr'><strong>orationis</strong></span> <span class='ocrx_word' id='word_1_95' title='bbox 235 1383 353 1452; x_wconf 88' lang='lat' dir='ltr'><strong>ambitu</strong></span> <span class='ocrx_word' id='word_1_96' title='bbox 382 1381 653 1472; x_wconf 88' lang='lat' dir='ltr'><strong>comprehendere</strong></span> <span class='ocrx_word' id='word_1_97' title='bbox 682 1379 809 1448; x_wconf 89' lang='lat' dir='ltr'><strong>maluit:</strong></span> <span class='ocrx_word' id='word_1_98' title='bbox 846 1381 891 1444; x_wconf 88' lang='lat' dir='ltr'><strong>In</strong></span> <span class='ocrx_word' id='word_1_99' title='bbox 923 1382 1082 1470; x_wconf 80' lang='lat' dir='ltr'><strong>Virgilii</strong></span> <span class='ocrx_word' id='word_1_100' title='bbox 1110 1409 1198 1450; x_wconf 86' lang='lat' dir='ltr'><strong>com-</strong></span> 
     </span>
     <span class='ocr_line' id='line_1_14' title="bbox 61 1463 1300 1554; baseline 0.002 -22"><span class='ocrx_word' id='word_1_101' title='bbox 61 1471 230 1536; x_wconf 78' lang='lat' dir='ltr'><strong>mentario</strong></span> <span class='ocrx_word' id='word_1_102' title='bbox 254 1479 351 1534; x_wconf 83' lang='lat' dir='ltr'><strong>erct&#39;t</strong></span> <span class='ocrx_word' id='word_1_103' title='bbox 380 1467 437 1535; x_wconf 90' lang='lat' dir='ltr'><strong>Ab</strong></span> <span class='ocrx_word' id='word_1_104' title='bbox 466 1469 623 1533; x_wconf 73' lang='lat' dir='ltr'><strong>Lucernis</strong></span> <span class='ocrx_word' id='word_1_105' title='bbox 648 1465 788 1549; x_wconf 83' lang='lat' dir='ltr'><strong>Lueco3</strong></span> <span class='ocrx_word' id='word_1_106' title='bbox 818 1463 863 1530; x_wconf 82' lang='lat' dir='ltr'><strong>ab</strong></span> <span class='ocrx_word' id='word_1_107' title='bbox 891 1489 928 1529; x_wconf 93' lang='lat' dir='ltr'><strong>eo</strong></span> <span class='ocrx_word' id='word_1_108' title='bbox 957 1469 1048 1554; x_wconf 82' lang='lat' dir='ltr'><strong>quod</strong></span> <span class='ocrx_word' id='word_1_109' title='bbox 1074 1473 1199 1551; x_wconf 85' lang='lat' dir='ltr'><strong>nostri,</strong></span> <span class='ocrx_word' id='word_1_110' title='bbox 1296 1475 1300 1485; x_wconf 88' lang='lat'>&#39;</span> 
     </span>
     <span class='ocr_line' id='line_1_15' title="bbox 61 1550 1198 1641; baseline 0.002 -23"><span class='ocrx_word' id='word_1_111' title='bbox 61 1577 158 1640; x_wconf 86' lang='lat' dir='ltr'><strong>quom</strong></span> <span class='ocrx_word' id='word_1_112' title='bbox 185 1555 378 1618; x_wconf 83' lang='lat' dir='ltr'><strong>maximam</strong></span> <span class='ocrx_word' id='word_1_113' title='bbox 405 1553 679 1641; x_wconf 83' lang='lat' dir='ltr'><strong>quadrupedem,</strong></span> <span class='ocrx_word' id='word_1_114' title='bbox 708 1575 813 1640; x_wconf 84' lang='lat' dir='ltr'><strong>qumn</strong></span> <span class='ocrx_word' id='word_1_115' title='bbox 835 1551 907 1637; x_wconf 83' lang='lat' dir='ltr'><strong>ipsi</strong></span> <span class='ocrx_word' id='word_1_116' title='bbox 931 1550 1114 1628; x_wconf 84' lang='lat' dir='ltr'><strong>haberent,</strong></span> <span class='ocrx_word' id='word_1_117' title='bbox 1141 1579 1198 1620; x_wconf 81' lang='lat' dir='ltr'><strong>vo-</strong></span> 
     </span>
    </p>

    <p class='ocr_par' dir='ltr' id='par_1_3' title="bbox 59 1633 1199 1723">
     <span class='ocr_line' id='line_1_16' title="bbox 59 1633 1199 1723; baseline 0.001 -22"><span class='ocrx_word' id='word_1_118' title='bbox 59 1651 180 1703; x_wconf 80' lang='lat' dir='ltr'><strong>carent</strong></span> <span class='ocrx_word' id='word_1_119' title='bbox 204 1638 336 1716; x_wconf 86' lang='lat' dir='ltr'><strong>bovem,</strong></span> <span class='ocrx_word' id='word_1_120' title='bbox 363 1649 398 1702; x_wconf 87' lang='lat' dir='ltr'><strong>et</strong></span> <span class='ocrx_word' id='word_1_121' title='bbox 419 1638 457 1701; x_wconf 87' lang='lat' dir='ltr'><strong>iu</strong></span> <span class='ocrx_word' id='word_1_122' title='bbox 476 1637 635 1702; x_wconf 80' lang='lat' dir='ltr'><strong>Lucania</strong></span> <span class='ocrx_word' id='word_1_123' title='bbox 651 1635 787 1721; x_wconf 76' lang='lat' dir='ltr'><strong>Pyrrhi</strong></span> <span class='ocrx_word' id='word_1_124' title='bbox 807 1633 894 1699; x_wconf 83' lang='lat' dir='ltr'><strong>hello</strong></span> <span class='ocrx_word' id='word_1_125' title='bbox 912 1636 1068 1723; x_wconf 85' lang='lat' dir='ltr'><strong>primum</strong></span> <span class='ocrx_word' id='word_1_126' title='bbox 1089 1639 1199 1704; x_wconf 78' lang='lat' dir='ltr'><strong>vidis-</strong></span> 
     </span>
    </p>

    <p class='ocr_par' dir='ltr' id='par_1_4' title="bbox 59 1719 1201 1814">
     <span class='ocr_line' id='line_1_17' title="bbox 59 1719 1201 1814; baseline 0.005 -30"><span class='ocrx_word' id='word_1_127' title='bbox 59 1735 134 1787; x_wconf 81' lang='lat' dir='ltr'><strong>sent</strong></span> <span class='ocrx_word' id='word_1_128' title='bbox 162 1723 259 1811; x_wconf 82' lang='lat' dir='ltr'><strong>apud</strong></span> <span class='ocrx_word' id='word_1_129' title='bbox 285 1722 393 1786; x_wconf 76' lang='lat' dir='ltr'><strong>hostia</strong></span> <span class='ocrx_word' id='word_1_130' title='bbox 419 1720 638 1808; x_wconf 80' lang='lat' dir='ltr'><strong>elephantos,</strong></span> <span class='ocrx_word' id='word_1_131' title='bbox 756 1721 942 1786; x_wconf 83' lang='lat' dir='ltr'><strong>Lucanam</strong></span> <span class='ocrx_word' id='word_1_132' title='bbox 969 1719 1083 1788; x_wconf 83' lang='lat' dir='ltr'><strong>bovem</strong></span> <span class='ocrx_word' id='word_1_133' title='bbox 1108 1725 1201 1814; x_wconf 79' lang='lat' dir='ltr'><strong>quoti</strong></span> 
     </span>
    </p>

    <p class='ocr_par' dir='ltr' id='par_1_5' title="bbox 57 1805 1198 1906">
     <span class='ocr_line' id='line_1_18' title="bbox 57 1805 1198 1906; baseline 0.004 -36"><span class='ocrx_word' id='word_1_134' title='bbox 57 1805 253 1891; x_wconf 82' lang='lat' dir='ltr'><strong>putabunt,</strong></span> <span class='ocrx_word' id='word_1_135' title='bbox 290 1805 426 1870; x_wconf 83' lang='lat' dir='ltr'><strong>Lucem</strong></span> <span class='ocrx_word' id='word_1_136' title='bbox 454 1805 569 1870; x_wconf 83' lang='lat' dir='ltr'><strong>hovem</strong></span> <span class='ocrx_word' id='word_1_137' title='bbox 597 1806 843 1906; x_wconf 77' lang='lat' dir='ltr'><strong>appellassent.</strong></span> <span class='ocrx_word' id='word_1_138' title='bbox 901 1807 1006 1872; x_wconf 40' lang='lat' dir='ltr'><strong>Haeo,</strong></span> <span class='ocrx_word' id='word_1_139' title='bbox 1025 1819 1198 1891; x_wconf 84' lang='lat' dir='ltr'><strong>structura,</strong></span> 
     </span>
    </p>

    <p class='ocr_par' dir='ltr' id='par_1_6' title="bbox 61 1889 1197 1979">
     <span class='ocr_line' id='line_1_19' title="bbox 61 1889 1197 1979; baseline 0.006 -23"><span class='ocrx_word' id='word_1_140' title='bbox 61 1891 153 1958; x_wconf 89' lang='lat' dir='ltr'><strong>euius</strong></span> <span class='ocrx_word' id='word_1_141' title='bbox 185 1891 326 1978; x_wconf 86' lang='lat' dir='ltr'><strong>exempla</strong></span> <span class='ocrx_word' id='word_1_142' title='bbox 354 1891 452 1957; x_wconf 89' lang='lat' dir='ltr'><strong>multa</strong></span> <span class='ocrx_word' id='word_1_143' title='bbox 475 1900 566 1971; x_wconf 84' lang='lat' dir='ltr'><strong>aunt,</strong></span> <span class='ocrx_word' id='word_1_144' title='bbox 586 1891 621 1956; x_wconf 82' lang='lat' dir='ltr'><strong>&#39;er</strong></span> <span class='ocrx_word' id='word_1_145' title='bbox 649 1889 740 1956; x_wconf 87' lang='lat' dir='ltr'><strong>nimis</strong></span> <span class='ocrx_word' id='word_1_146' title='bbox 764 1891 867 1956; x_wconf 88' lang='lat' dir='ltr'><strong>vincta</strong></span> <span class='ocrx_word' id='word_1_147' title='bbox 891 1902 925 1957; x_wconf 90' lang='lat' dir='ltr'><strong>et</strong></span> <span class='ocrx_word' id='word_1_148' title='bbox 950 1891 1107 1979; x_wconf 89' lang='lat' dir='ltr'><strong>implicata</strong></span> <span class='ocrx_word' id='word_1_149' title='bbox 1130 1909 1197 1963; x_wconf 85' lang='lat' dir='ltr'><strong>est:</strong></span> 
     </span>
    </p>

    <p class='ocr_par' dir='ltr' id='par_1_7' title="bbox 61 1976 1225 2150">
     <span class='ocr_line' id='line_1_20' title="bbox 61 1976 1225 2064; baseline 0.004 -23"><span class='ocrx_word' id='word_1_150' title='bbox 61 1977 125 2042; x_wconf 91' lang='lat' dir='ltr'><strong>aliis</strong></span> <span class='ocrx_word' id='word_1_151' title='bbox 148 1977 226 2044; x_wconf 89' lang='lat' dir='ltr'><strong>locis</strong></span> <span class='ocrx_word' id='word_1_152' title='bbox 246 1976 332 2064; x_wconf 87' lang='lat' dir='ltr'><strong>apud</strong></span> <span class='ocrx_word' id='word_1_153' title='bbox 345 1979 540 2056; x_wconf 88' lang='lat' dir='ltr'><strong>Varronem,</strong></span> <span class='ocrx_word' id='word_1_154' title='bbox 565 1986 717 2062; x_wconf 82' lang='lat' dir='ltr'><strong>tanquam</strong></span> <span class='ocrx_word' id='word_1_155' title='bbox 735 1976 882 2042; x_wconf 86' lang='lat' dir='ltr'><strong>iunctura</strong></span> <span class='ocrx_word' id='word_1_156' title='bbox 903 1977 1088 2059; x_wconf 85' lang='lat' dir='ltr'><strong>deficiente,</strong></span> <span class='ocrx_word' id='word_1_157' title='bbox 1111 1979 1199 2048; x_wconf 89' lang='lat' dir='ltr'><strong>hiant</strong></span> <span class='ocrx_word' id='word_1_158' title='bbox 1222 2027 1225 2034; x_wconf 78' lang='lat'><strong>,</strong></span> 
     </span>
     <span class='ocr_line' id='line_1_21' title="bbox 62 2061 1198 2150; baseline 0.004 -25"><span class='ocrx_word' id='word_1_159' title='bbox 62 2063 212 2128; x_wconf 84' lang='lat' dir='ltr'><strong>orationis</strong></span> <span class='ocrx_word' id='word_1_160' title='bbox 234 2063 392 2144; x_wconf 87' lang='lat' dir='ltr'><strong>membra,</strong></span> <span class='ocrx_word' id='word_1_161' title='bbox 421 2073 455 2130; x_wconf 92' lang='lat' dir='ltr'><strong>ut</strong></span> <span class='ocrx_word' id='word_1_162' title='bbox 476 2084 551 2128; x_wconf 88' lang='lat' dir='ltr'><strong>cum</strong></span> <span class='ocrx_word' id='word_1_163' title='bbox 572 2061 649 2128; x_wconf 89' lang='lat' dir='ltr'><strong>dicit</strong></span> <span class='ocrx_word' id='word_1_164' title='bbox 669 2061 752 2146; x_wconf 91' lang='lat' dir='ltr'><strong>(Vl,</strong></span> <span class='ocrx_word' id='word_1_165' title='bbox 772 2061 861 2148; x_wconf 82' lang='lat'><strong>82.):</strong></span> <span class='ocrx_word' id='word_1_166' title='bbox 885 2074 1042 2150; x_wconf 80' lang='lat' dir='ltr'><strong>opaciore</strong></span> <span class='ocrx_word' id='word_1_167' title='bbox 1062 2066 1198 2130; x_wconf 84' lang='lat' dir='ltr'><strong>dietum</strong></span> 
     </span>
    </p>

    <p class='ocr_par' dir='ltr' id='par_1_8' title="bbox 56 2144 1278 3086">
     <span class='ocr_line' id='line_1_22' title="bbox 60 2144 1278 2238; baseline 0.005 -29"><span class='ocrx_word' id='word_1_168' title='bbox 60 2146 99 2210; x_wconf 86' lang='lat' dir='ltr'><strong>ch</strong></span> <span class='ocrx_word' id='word_1_169' title='bbox 128 2147 243 2236; x_wconf 80' lang='lat' dir='ltr'><strong>specio</strong></span> <span class='ocrx_word' id='word_1_170' title='bbox 270 2149 433 2234; x_wconf 79' lang='lat' dir='ltr'><strong>antiquo,</strong></span> <span class='ocrx_word' id='word_1_171' title='bbox 461 2169 527 2234; x_wconf 86' lang='lat' dir='ltr'><strong>quo</strong></span> <span class='ocrx_word' id='word_1_172' title='bbox 553 2146 662 2210; x_wconf 88' lang='lat' dir='ltr'><strong>etiam</strong></span> <span class='ocrx_word' id='word_1_173' title='bbox 682 2144 822 2211; x_wconf 79' lang='lat' dir='ltr'><strong>Ennius</strong></span> <span class='ocrx_word' id='word_1_174' title='bbox 849 2169 951 2228; x_wconf 81' lang='lat' dir='ltr'><strong>usus,</strong></span> <span class='ocrx_word' id='word_1_175' title='bbox 1050 2161 1086 2214; x_wconf 87' lang='lat' dir='ltr'><strong>et</strong></span> <span class='ocrx_word' id='word_1_176' title='bbox 1107 2152 1199 2238; x_wconf 82' lang='lat' dir='ltr'><strong>quod</strong></span> <span class='ocrx_word' id='word_1_177' title='bbox 1268 2164 1278 2187; x_wconf 69' lang='lat'>³</span> 
     </span>
     <span class='ocr_line' id='line_1_23' title="bbox 61 2229 1199 2324; baseline 0.005 -30"><span class='ocrx_word' id='word_1_178' title='bbox 61 2233 97 2294; x_wconf 84' lang='lat' dir='ltr'><strong>in</strong></span> <span class='ocrx_word' id='word_1_179' title='bbox 116 2231 290 2320; x_wconf 83' lang='lat' dir='ltr'><strong>auspiciis</strong></span> <span class='ocrx_word' id='word_1_180' title='bbox 308 2231 539 2296; x_wconf 80' lang='lat' dir='ltr'><strong>distributum</strong></span> <span class='ocrx_word' id='word_1_181' title='bbox 561 2243 644 2312; x_wconf 84' lang='lat' dir='ltr'><strong>eat,¹</strong></span> <span class='ocrx_word' id='word_1_182' title='bbox 657 2232 718 2319; x_wconf 84' lang='lat' dir='ltr'><strong>qui</strong></span> <span class='ocrx_word' id='word_1_183' title='bbox 738 2229 867 2296; x_wconf 80' lang='lat' dir='ltr'><strong>bahent</strong></span> <span class='ocrx_word' id='word_1_184' title='bbox 884 2233 1110 2317; x_wconf 72' lang='lat' dir='ltr'><strong>spectionem,</strong></span> <span class='ocrx_word' id='word_1_185' title='bbox 1136 2235 1199 2324; x_wconf 85' lang='lat' dir='ltr'><strong>qui</strong></span> 
     </span>
     <span class='ocr_line' id='line_1_24' title="bbox 61 2313 1197 2406; baseline 0.004 -26"><span class='ocrx_word' id='word_1_186' title='bbox 61 2339 125 2382; x_wconf 80' lang='lat' dir='ltr'><strong>nou</strong></span> <span class='ocrx_word' id='word_1_187' title='bbox 147 2315 319 2382; x_wconf 82' lang='lat' dir='ltr'><strong>habeant.-</strong></span> <span class='ocrx_word' id='word_1_188' title='bbox 370 2339 431 2382; x_wconf 88' lang='lat' dir='ltr'><strong>uae</strong></span> <span class='ocrx_word' id='word_1_189' title='bbox 451 2316 514 2396; x_wconf 90' lang='lat' dir='ltr'><strong>sic,</strong></span> <span class='ocrx_word' id='word_1_190' title='bbox 544 2315 706 2403; x_wconf 88' lang='lat' dir='ltr'><strong>quomodo</strong></span> <span class='ocrx_word' id='word_1_191' title='bbox 728 2313 890 2400; x_wconf 84' lang='lat' dir='ltr'><strong>iungenda</strong></span> <span class='ocrx_word' id='word_1_192' title='bbox 908 2317 1039 2398; x_wconf 87' lang='lat' dir='ltr'><strong>suerint,</strong></span> <span class='ocrx_word' id='word_1_193' title='bbox 1062 2341 1197 2406; x_wconf 89' lang='lat' dir='ltr'><strong>appare·</strong></span> 
     </span>
     <span class='ocr_line' id='line_1_25' title="bbox 64 2401 1196 2492; baseline 0.006 -27"><span class='ocrx_word' id='word_1_194' title='bbox 64 2402 121 2468; x_wconf 92' lang='lat' dir='ltr'><strong>hit:</strong></span> <span class='ocrx_word' id='word_1_195' title='bbox 151 2424 216 2492; x_wconf 91' lang='lat' dir='ltr'><strong>quo</strong></span> <span class='ocrx_word' id='word_1_196' title='bbox 240 2401 335 2467; x_wconf 89' lang='lat' dir='ltr'><strong>etiam</strong></span> <span class='ocrx_word' id='word_1_197' title='bbox 388 2401 478 2466; x_wconf 87' lang='lat' dir='ltr'><strong>nnius</strong></span> <span class='ocrx_word' id='word_1_198' title='bbox 499 2422 595 2479; x_wconf 88' lang='lat' dir='ltr'><strong>usus,</strong></span> <span class='ocrx_word' id='word_1_199' title='bbox 625 2413 663 2467; x_wconf 89' lang='lat' dir='ltr'><strong>et·</strong></span> <span class='ocrx_word' id='word_1_200' title='bbox 680 2423 743 2488; x_wconf 92' lang='lat' dir='ltr'><strong>quo</strong></span> <span class='ocrx_word' id='word_1_201' title='bbox 767 2401 841 2466; x_wconf 90' lang='lat' dir='ltr'><strong>olim</strong></span> <span class='ocrx_word' id='word_1_202' title='bbox 862 2423 937 2466; x_wconf 89' lang='lat' dir='ltr'><strong>usos</strong></span> <span class='ocrx_word' id='word_1_203' title='bbox 961 2423 1032 2468; x_wconf 87' lang='lat' dir='ltr'><strong>esse</strong></span> <span class='ocrx_word' id='word_1_204' title='bbox 1052 2427 1071 2468; x_wconf 90' lang='lat' dir='ltr'><strong>a</strong></span> <span class='ocrx_word' id='word_1_205' title='bbox 1116 2416 1196 2483; x_wconf 85' lang='lat' dir='ltr'><strong>aret,</strong></span> 
     </span>
     <span class='ocr_line' id='line_1_26' title="bbox 63 2427 1196 2575; baseline 0.004 -23"><span class='ocrx_word' id='word_1_206' title='bbox 63 2488 146 2574; x_wconf 87' lang='lat' dir='ltr'><strong>quod</strong></span> <span class='ocrx_word' id='word_1_207' title='bbox 175 2489 208 2553; x_wconf 90' lang='lat' dir='ltr'><strong>in</strong></span> <span class='ocrx_word' id='word_1_208' title='bbox 230 2486 378 2575; x_wconf 85' lang='lat' dir='ltr'><strong>auspiciis</strong></span> <span class='ocrx_word' id='word_1_209' title='bbox 401 2483 604 2553; x_wconf 89' lang='lat' dir='ltr'><strong>distributum</strong></span> <span class='ocrx_word' id='word_1_210' title='bbox 626 2499 675 2552; x_wconf 91' lang='lat' dir='ltr'><strong>est</strong></span> <span class='ocrx_word' id='word_1_211' title='bbox 703 2496 764 2552; x_wconf 88' lang='lat' dir='ltr'><strong>etc.</strong></span> <span class='ocrx_word' id='word_1_212' title='bbox 814 2489 862 2554; x_wconf 87' lang='lat' dir='ltr'><strong>Ac</strong></span> <span class='ocrx_word' id='word_1_213' title='bbox 886 2486 1052 2574; x_wconf 88' lang='lat' dir='ltr'><strong>periodum</strong></span> <span class='ocrx_word' id='word_1_214' title='bbox 1072 2427 1122 2570; x_wconf 61' lang='lat' dir='ltr'><strong>ll),</strong></span> <span class='ocrx_word' id='word_1_215' title='bbox 1143 2491 1196 2556; x_wconf 76' lang='lat'><strong>44.</strong></span> 
     </span>
     <span class='ocr_line' id='line_1_27' title="bbox 65 2569 1096 2654; baseline 0.002 -16"><span class='ocrx_word' id='word_1_216' title='bbox 65 2573 238 2639; x_wconf 83' lang='lat' dir='ltr'><strong>Similiter</strong></span> <span class='ocrx_word' id='word_1_217' title='bbox 267 2574 306 2637; x_wconf 84' lang='lat' dir='ltr'><strong>in</strong></span> <span class='ocrx_word' id='word_1_218' title='bbox 334 2570 515 2637; x_wconf 82' lang='lat' dir='ltr'><strong>verborum</strong></span> <span class='ocrx_word' id='word_1_219' title='bbox 544 2569 837 2636; x_wconf 82' lang='lat' dir='ltr'><strong>declinationibus</strong></span> <span class='ocrx_word' id='word_1_220' title='bbox 867 2582 919 2636; x_wconf 83' lang='lat' dir='ltr'><strong>est</strong></span> <span class='ocrx_word' id='word_1_221' title='bbox 947 2570 1096 2654; x_wconf 83' lang='lat' dir='ltr'><strong>bivium,</strong></span> 
     </span>
     <span class='ocr_line' id='line_1_28' title="bbox 64 2655 1196 2745; baseline 0.002 -23"><span class='ocrx_word' id='word_1_222' title='bbox 64 2658 151 2744; x_wconf 78' lang='lat' dir='ltr'><strong>quod</strong></span> <span class='ocrx_word' id='word_1_223' title='bbox 178 2659 230 2722; x_wconf 82' lang='lat' dir='ltr'><strong>ait</strong></span> <span class='ocrx_word' id='word_1_224' title='bbox 256 2657 371 2744; x_wconf 86' lang='lat' dir='ltr'><strong>primo</strong></span> <span class='ocrx_word' id='word_1_225' title='bbox 398 2679 500 2721; x_wconf 80' lang='lat' dir='ltr'><strong>versu</strong></span> <span class='ocrx_word' id='word_1_226' title='bbox 522 2702 555 2722; x_wconf 88' lang='lat'><strong>..</strong></span> <span class='ocrx_word' id='word_1_227' title='bbox 578 2656 726 2722; x_wconf 84' lang='lat' dir='ltr'><strong>secundo</strong></span> <span class='ocrx_word' id='word_1_228' title='bbox 747 2705 781 2722; x_wconf 86' lang='lat'><strong>..</strong></span> <span class='ocrx_word' id='word_1_229' title='bbox 805 2657 926 2735; x_wconf 85' lang='lat' dir='ltr'><strong>tertio,</strong></span> <span class='ocrx_word' id='word_1_230' title='bbox 957 2663 1076 2745; x_wconf 76' lang='lat' dir='ltr'><strong>ittaque</strong></span> <span class='ocrx_word' id='word_1_231' title='bbox 1092 2655 1196 2744; x_wconf 82' lang='lat' dir='ltr'><strong>fiunt</strong></span> 
     </span>
     <span class='ocr_line' id='line_1_29' title="bbox 62 2739 1198 2832; baseline 0.005 -26"><span class='ocrx_word' id='word_1_232' title='bbox 62 2765 121 2827; x_wconf 91' lang='lat' dir='ltr'><strong>per</strong></span> <span class='ocrx_word' id='word_1_233' title='bbox 148 2739 309 2830; x_wconf 75' lang='lat' dir='ltr'><strong>obliquae</strong></span> <span class='ocrx_word' id='word_1_234' title='bbox 335 2741 421 2806; x_wconf 80' lang='lat' dir='ltr'><strong>decl.</strong></span> <span class='ocrx_word' id='word_1_235' title='bbox 447 2741 636 2828; x_wconf 78' lang='lat' dir='ltr'><strong>analogiae</strong></span> <span class='ocrx_word' id='word_1_236' title='bbox 656 2740 718 2804; x_wconf 80' lang='lat' dir='ltr'><strong>hoo</strong></span> <span class='ocrx_word' id='word_1_237' title='bbox 740 2763 854 2827; x_wconf 79' lang='lat' dir='ltr'><strong>genus</strong></span> <span class='ocrx_word' id='word_1_238' title='bbox 881 2751 960 2823; x_wconf 83' lang='lat' dir='ltr'><strong>etc,</strong></span> <span class='ocrx_word' id='word_1_239' title='bbox 996 2742 1040 2809; x_wconf 90' lang='lat' dir='ltr'><strong>ita</strong></span> <span class='ocrx_word' id='word_1_240' title='bbox 1068 2744 1198 2832; x_wconf 84' lang='lat' dir='ltr'><strong>quidem</strong></span> 
     </span>
     <span class='ocr_line' id='line_1_30' title="bbox 65 2825 1198 2914; baseline 0.003 -23"><span class='ocrx_word' id='word_1_241' title='bbox 65 2827 242 2895; x_wconf 86' lang='lat' dir='ltr'><strong>accuratius</strong></span> <span class='ocrx_word' id='word_1_242' title='bbox 262 2827 399 2914; x_wconf 81' lang='lat' dir='ltr'><strong>iungere</strong></span> <span class='ocrx_word' id='word_1_243' title='bbox 442 2849 548 2907; x_wconf 85' lang='lat' dir='ltr'><strong>cases,</strong></span> <span class='ocrx_word' id='word_1_244' title='bbox 578 2825 603 2890; x_wconf 88' lang='lat' dir='ltr'><strong>si</strong></span> <span class='ocrx_word' id='word_1_245' title='bbox 626 2825 800 2892; x_wconf 80' lang='lat' dir='ltr'><strong>scriberes:</strong></span> <span class='ocrx_word' id='word_1_246' title='bbox 827 2827 935 2914; x_wconf 82' lang='lat' dir='ltr'><strong>quod,</strong></span> <span class='ocrx_word' id='word_1_247' title='bbox 957 2828 990 2890; x_wconf 83' lang='lat' dir='ltr'><strong>si</strong></span> <span class='ocrx_word' id='word_1_248' title='bbox 1010 2829 1113 2909; x_wconf 84' lang='lat' dir='ltr'><strong>cit..‚</strong></span> <span class='ocrx_word' id='word_1_249' title='bbox 1143 2831 1198 2894; x_wconf 83' lang='lat' dir='ltr'><strong>itu</strong></span> 
     </span>
     <span class='ocr_line' id='line_1_31' title="bbox 56 2909 1198 2996; baseline 0.004 -20"><span class='ocrx_word' id='word_1_250' title='bbox 56 2909 175 2996; x_wconf 85' lang='lat' dir='ltr'><strong>fiunt.-</strong></span> <span class='ocrx_word' id='word_1_251' title='bbox 205 2925 239 2980; x_wconf 90' lang='lat' dir='ltr'><strong>at</strong></span> <span class='ocrx_word' id='word_1_252' title='bbox 257 2933 332 2979; x_wconf 85' lang='lat' dir='ltr'><strong>vero</strong></span> <span class='ocrx_word' id='word_1_253' title='bbox 350 2913 401 2978; x_wconf 90' lang='lat' dir='ltr'><strong>illu</strong></span> <span class='ocrx_word' id='word_1_254' title='bbox 448 2911 541 2994; x_wconf 90' lang='lat' dir='ltr'><strong>plane</strong></span> <span class='ocrx_word' id='word_1_255' title='bbox 557 2911 788 2978; x_wconf 85' lang='lat' dir='ltr'><strong>Varronianum</strong></span> <span class='ocrx_word' id='word_1_256' title='bbox 809 2911 973 2990; x_wconf 79' lang='lat' dir='ltr'><strong>existimo,</strong></span> <span class='ocrx_word' id='word_1_257' title='bbox 1003 2914 1054 2977; x_wconf 91' lang='lat' dir='ltr'><strong>oui</strong></span> <span class='ocrx_word' id='word_1_258' title='bbox 1071 2914 1198 2980; x_wconf 87' lang='lat' dir='ltr'><strong>licuisse</strong></span> 
     </span>
     <span class='ocr_line' id='line_1_32' title="bbox 65 2993 1198 3086; baseline 0 -24"><span class='ocrx_word' id='word_1_259' title='bbox 65 3010 138 3084; x_wconf 92' lang='lat' dir='ltr'><strong>puto</strong></span> <span class='ocrx_word' id='word_1_260' title='bbox 172 2999 409 3066; x_wconf 89' lang='lat' dir='ltr'><strong>coniunctirum</strong></span> <span class='ocrx_word' id='word_1_261' title='bbox 439 2997 625 3086; x_wconf 88' lang='lat' dir='ltr'><strong>sumptionis</strong></span> <span class='ocrx_word' id='word_1_262' title='bbox 661 2997 753 3080; x_wconf 89' lang='lat' dir='ltr'><strong>(nam</strong></span> <span class='ocrx_word' id='word_1_263' title='bbox 782 2997 830 3060; x_wconf 81' lang='lat' dir='ltr'><strong>cit</strong></span> <span class='ocrx_word' id='word_1_264' title='bbox 861 3009 928 3064; x_wconf 87' lang='lat' dir='ltr'><strong>est:</strong></span> <span class='ocrx_word' id='word_1_265' title='bbox 960 2993 1029 3082; x_wconf 84' lang='lat' dir='ltr'><strong>foe</strong></span> <span class='ocrx_word' id='word_1_266' title='bbox 1059 3009 1101 3062; x_wconf 90' lang='lat' dir='ltr'><strong>ut</strong></span> <span class='ocrx_word' id='word_1_267' title='bbox 1130 2999 1198 3084; x_wconf 84' lang='lat' dir='ltr'><strong>ait)</strong></span> 
     </span>
    </p>
   </div>
   <div class='ocr_carea' id='block_1_3' title="bbox 67 3080 1324 3176">
    <p class='ocr_par' dir='ltr' id='par_1_9' title="bbox 67 3080 1324 3176">
     <span class='ocr_line' id='line_1_33' title="bbox 67 3080 1324 3176; baseline 0.005 -28"><span class='ocrx_word' id='word_1_268' title='bbox 67 3087 235 3176; x_wconf 83' lang='lat' dir='ltr'><strong>cumipse</strong></span> <span class='ocrx_word' id='word_1_269' title='bbox 257 3085 411 3173; x_wconf 89' lang='lat' dir='ltr'><strong>particula</strong></span> <span class='ocrx_word' id='word_1_270' title='bbox 433 3083 551 3150; x_wconf 89' lang='lat' dir='ltr'><strong>causali</strong></span> <span class='ocrx_word' id='word_1_271' title='bbox 573 3080 853 3168; x_wconf 82' lang='lat' dir='ltr'><strong>iungere,.idque</strong></span> <span class='ocrx_word' id='word_1_272' title='bbox 875 3083 1052 3148; x_wconf 89' lang='lat' dir='ltr'><strong>membrum</strong></span> <span class='ocrx_word' id='word_1_273' title='bbox 1076 3084 1200 3150; x_wconf 82' lang='lat' dir='ltr'><strong>laxiore</strong></span> <span class='ocrx_word' id='word_1_274' title='bbox 1322 3147 1324 3154; x_wconf 93' lang='lat'><em>.</em></span> 
     </span>
    </p>
   </div>
   <div class='ocr_carea' id='block_1_4' title="bbox 67 3165 1204 4201">
    <p class='ocr_par' dir='ltr' id='par_1_10' title="bbox 67 3165 1204 4201">
     <span class='ocr_line' id='line_1_34' title="bbox 67 3165 1199 3258; baseline 0.003 -25"><span class='ocrx_word' id='word_1_275' title='bbox 67 3181 228 3238; x_wconf 87' lang='lat' dir='ltr'><strong>structura</strong></span> <span class='ocrx_word' id='word_1_276' title='bbox 247 3173 277 3236; x_wconf 91' lang='lat' dir='ltr'><strong>ei</strong></span> <span class='ocrx_word' id='word_1_277' title='bbox 296 3171 488 3248; x_wconf 89' lang='lat' dir='ltr'><strong>sententiae,</strong></span> <span class='ocrx_word' id='word_1_278' title='bbox 513 3169 565 3233; x_wconf 89' lang='lat' dir='ltr'><strong>cui</strong></span> <span class='ocrx_word' id='word_1_279' title='bbox 583 3165 841 3253; x_wconf 85' lang='lat' dir='ltr'><strong>subiungendum</strong></span> <span class='ocrx_word' id='word_1_280' title='bbox 860 3165 934 3233; x_wconf 88' lang='lat' dir='ltr'><strong>illud</strong></span> <span class='ocrx_word' id='word_1_281' title='bbox 954 3168 1083 3248; x_wconf 89' lang='lat' dir='ltr'><strong>fuisset,</strong></span> <span class='ocrx_word' id='word_1_282' title='bbox 1106 3192 1199 3258; x_wconf 89' lang='lat' dir='ltr'><strong>prae·</strong></span> 
     </span>
     <span class='ocr_line' id='line_1_35' title="bbox 67 3252 1200 3334; baseline 0 -14"><span class='ocrx_word' id='word_1_283' title='bbox 67 3257 201 3324; x_wconf 87' lang='lat' dir='ltr'><strong>mittere.</strong></span> <span class='ocrx_word' id='word_1_284' title='bbox 252 3259 427 3328; x_wconf 81' lang='lat' dir='ltr'><strong>Caeterum</strong></span> <span class='ocrx_word' id='word_1_285' title='bbox 456 3254 573 3322; x_wconf 88' lang='lat' dir='ltr'><strong>diutius</strong></span> <span class='ocrx_word' id='word_1_286' title='bbox 603 3252 757 3319; x_wconf 88' lang='lat' dir='ltr'><strong>lectitanti</strong></span> <span class='ocrx_word' id='word_1_287' title='bbox 786 3253 906 3321; x_wconf 89' lang='lat' dir='ltr'><strong>habent</strong></span> <span class='ocrx_word' id='word_1_288' title='bbox 934 3255 1028 3322; x_wconf 86' lang='lat' dir='ltr'><strong>etiam</strong></span> <span class='ocrx_word' id='word_1_289' title='bbox 1058 3255 1089 3320; x_wconf 92' lang='lat' dir='ltr'><strong>hi</strong></span> <span class='ocrx_word' id='word_1_290' title='bbox 1117 3257 1200 3334; x_wconf 81' lang='lat' dir='ltr'><strong>libri,</strong></span> 
     </span>
     <span class='ocr_line' id='line_1_36' title="bbox 67 3338 1200 3431; baseline 0.002 -25"><span class='ocrx_word' id='word_1_291' title='bbox 67 3345 179 3430; x_wconf 90' lang='lat' dir='ltr'><strong>quibus</strong></span> <span class='ocrx_word' id='word_1_292' title='bbox 201 3341 363 3431; x_wconf 89' lang='lat' dir='ltr'><strong>placeant,</strong></span> <span class='ocrx_word' id='word_1_293' title='bbox 380 3351 533 3428; x_wconf 82' lang='lat' dir='ltr'><strong>argutam</strong></span> <span class='ocrx_word' id='word_1_294' title='bbox 554 3338 739 3406; x_wconf 87' lang='lat' dir='ltr'><strong>brevitatem</strong></span> <span class='ocrx_word' id='word_1_295' title='bbox 762 3350 793 3406; x_wconf 91' lang='lat' dir='ltr'><strong>et</strong></span> <span class='ocrx_word' id='word_1_296' title='bbox 810 3350 936 3425; x_wconf 83' lang='lat' dir='ltr'><strong>gratam</strong></span> <span class='ocrx_word' id='word_1_297' title='bbox 955 3341 1200 3426; x_wconf 81' lang='lat' dir='ltr'><strong>negligentiam:</strong></span> 
     </span>
     <span class='ocr_line' id='line_1_37' title="bbox 68 3425 1198 3514; baseline -0.001 -21"><span class='ocrx_word' id='word_1_298' title='bbox 68 3451 160 3514; x_wconf 79' lang='lat' dir='ltr'><strong>quam</strong></span> <span class='ocrx_word' id='word_1_299' title='bbox 190 3431 304 3496; x_wconf 84' lang='lat' dir='ltr'><strong>abesse</strong></span> <span class='ocrx_word' id='word_1_300' title='bbox 331 3439 436 3494; x_wconf 88' lang='lat' dir='ltr'><strong>tamen</strong></span> <span class='ocrx_word' id='word_1_301' title='bbox 459 3426 632 3492; x_wconf 82' lang='lat' dir='ltr'><strong>fatebimur</strong></span> <span class='ocrx_word' id='word_1_302' title='bbox 653 3446 672 3489; x_wconf 91' lang='lat' dir='ltr'><strong>a</strong></span> <span class='ocrx_word' id='word_1_303' title='bbox 696 3425 864 3514; x_wconf 87' lang='lat' dir='ltr'><strong>prooemiis</strong></span> <span class='ocrx_word' id='word_1_304' title='bbox 885 3425 1054 3506; x_wconf 88' lang='lat' dir='ltr'><strong>librorum,</strong></span> <span class='ocrx_word' id='word_1_305' title='bbox 1083 3427 1198 3513; x_wconf 84' lang='lat' dir='ltr'><strong>quihus</strong></span> 
     </span>
     <span class='ocr_line' id='line_1_38' title="bbox 70 3509 1202 3600; baseline -0.002 -21"><span class='ocrx_word' id='word_1_306' title='bbox 70 3515 262 3596; x_wconf 77' lang='lat' dir='ltr'><strong>Varronem,</strong></span> <span class='ocrx_word' id='word_1_307' title='bbox 292 3515 375 3581; x_wconf 90' lang='lat' dir='ltr'><strong>sicut</strong></span> <span class='ocrx_word' id='word_1_308' title='bbox 402 3521 515 3600; x_wconf 88' lang='lat' dir='ltr'><strong>postea</strong></span> <span class='ocrx_word' id='word_1_309' title='bbox 538 3509 693 3591; x_wconf 90' lang='lat' dir='ltr'><strong>Plinium,</strong></span> <span class='ocrx_word' id='word_1_310' title='bbox 725 3512 851 3580; x_wconf 81' lang='lat' dir='ltr'><strong>anxiam</strong></span> <span class='ocrx_word' id='word_1_311' title='bbox 878 3511 981 3597; x_wconf 81' lang='lat' dir='ltr'><strong>magis</strong></span> <span class='ocrx_word' id='word_1_312' title='bbox 1007 3533 1116 3578; x_wconf 89' lang='lat' dir='ltr'><strong>curam</strong></span> <span class='ocrx_word' id='word_1_313' title='bbox 1142 3513 1202 3577; x_wconf 92' lang='lat' dir='ltr'><strong>im-</strong></span> 
     </span>
     <span class='ocr_line' id='line_1_39' title="bbox 69 3595 1202 3689; baseline -0.002 -23"><span class='ocrx_word' id='word_1_314' title='bbox 69 3600 382 3689; x_wconf 83' lang='lat' dir='ltr'><strong>pendisscapertum</strong></span> <span class='ocrx_word' id='word_1_315' title='bbox 399 3609 457 3665; x_wconf 88' lang='lat' dir='ltr'><strong>est.</strong></span> <span class='ocrx_word' id='word_1_316' title='bbox 499 3598 627 3663; x_wconf 88' lang='lat' dir='ltr'><strong>Horum</strong></span> <span class='ocrx_word' id='word_1_317' title='bbox 646 3595 677 3662; x_wconf 92' lang='lat' dir='ltr'><strong>in</strong></span> <span class='ocrx_word' id='word_1_318' title='bbox 696 3596 846 3662; x_wconf 80' lang='lat' dir='ltr'><strong>memhris</strong></span> <span class='ocrx_word' id='word_1_319' title='bbox 862 3597 1015 3674; x_wconf 86' lang='lat' dir='ltr'><strong>concisis,</strong></span> <span class='ocrx_word' id='word_1_320' title='bbox 1037 3599 1202 3686; x_wconf 80' lang='lat' dir='ltr'><strong>argutula-</strong></span> 
     </span>
     <span class='ocr_line' id='line_1_40' title="bbox 68 3682 1203 3853; baseline -0.001 -102"><span class='ocrx_word' id='word_1_321' title='bbox 68 3686 371 3840; x_wconf 33' lang='grc' dir='ltr'><strong>ηιιιςοοοιηξῖοείῧιίεἰ</strong></span> <span class='ocrx_word' id='word_1_322' title='bbox 401 3695 434 3752; x_wconf 89' lang='lat' dir='ltr'><strong>et</strong></span> <span class='ocrx_word' id='word_1_323' title='bbox 462 3683 629 3835; x_wconf 61' lang='lat' dir='ltr'><strong>imillllml</strong></span> <span class='ocrx_word' id='word_1_324' title='bbox 650 3682 1203 3853; x_wconf 43' lang='lat' dir='ltr'><strong>pothcoaHorunipitumiilgpmgpatish(lp.</strong></span> 
     </span>
     <span class='ocr_line' id='line_1_41' title="bbox 69 3789 1203 3942; baseline -0.002 -19"><span class='ocrx_word' id='word_1_325' title='bbox 69 3795 292 3923; x_wconf 52' lang='lat' dir='ltr'><strong>ffiiibmiidetir</strong></span> <span class='ocrx_word' id='word_1_326' title='bbox 320 3795 362 3923; x_wconf 59' lang='lat' dir='ltr'><strong>dee</strong></span> <span class='ocrx_word' id='word_1_327' title='bbox 383 3793 550 3942; x_wconf 62' lang='lat' dir='ltr'><strong>lsleilgqesiae</strong></span> <span class='ocrx_word' id='word_1_328' title='bbox 577 3793 721 3920; x_wconf 61' lang='lat' dir='ltr'><strong>ihetoilisi</strong></span> <span class='ocrx_word' id='word_1_329' title='bbox 744 3789 911 3919; x_wconf 78' lang='lat' dir='ltr'><strong>ambitioso</strong></span> <span class='ocrx_word' id='word_1_330' title='bbox 939 3867 972 3922; x_wconf 89' lang='lat' dir='ltr'><strong>et</strong></span> <span class='ocrx_word' id='word_1_331' title='bbox 996 3793 1130 3924; x_wconf 55' lang='lat' dir='ltr'><strong>molisii)</strong></span> <span class='ocrx_word' id='word_1_332' title='bbox 1148 3794 1203 3922; x_wconf 78' lang='lat' dir='ltr'><strong>e‹li-</strong></span> 
     </span>
     <span class='ocr_line' id='line_1_42' title="bbox 69 3937 1204 4030; baseline -0.001 -24"><span class='ocrx_word' id='word_1_333' title='bbox 69 3944 162 4008; x_wconf 85' lang='lat' dir='ltr'><strong>candi</strong></span> <span class='ocrx_word' id='word_1_334' title='bbox 192 3965 313 4030; x_wconf 81' lang='lat' dir='ltr'><strong>genere</strong></span> <span class='ocrx_word' id='word_1_335' title='bbox 344 3940 407 4027; x_wconf 89' lang='lat' dir='ltr'><strong>(de</strong></span> <span class='ocrx_word' id='word_1_336' title='bbox 428 3963 491 4029; x_wconf 87' lang='lat' dir='ltr'><strong>quo</strong></span> <span class='ocrx_word' id='word_1_337' title='bbox 513 3941 696 4006; x_wconf 87' lang='lat' dir='ltr'><strong>Bocchhios</strong></span> <span class='ocrx_word' id='word_1_338' title='bbox 719 3939 796 4005; x_wconf 87' lang='lat' dir='ltr'><strong>dixit</strong></span> <span class='ocrx_word' id='word_1_339' title='bbox 821 3939 853 4004; x_wconf 90' lang='lat' dir='ltr'><strong>in</strong></span> <span class='ocrx_word' id='word_1_340' title='bbox 873 3937 982 4007; x_wconf 83' lang='lat' dir='ltr'><strong>Praei.</strong></span> <span class='ocrx_word' id='word_1_341' title='bbox 1004 3941 1074 4008; x_wconf 89' lang='lat' dir='ltr'><strong>Ind.</strong></span> <span class='ocrx_word' id='word_1_342' title='bbox 1097 3942 1204 4009; x_wconf 86' lang='lat' dir='ltr'><strong>Lectt.</strong></span> 
     </span>
     <span class='ocr_line' id='line_1_43' title="bbox 69 4024 1204 4118; baseline -0.001 -24"><span class='ocrx_word' id='word_1_343' title='bbox 69 4053 144 4096; x_wconf 88' lang='lat' dir='ltr'><strong>sem.</strong></span> <span class='ocrx_word' id='word_1_344' title='bbox 179 4030 242 4096; x_wconf 89' lang='lat' dir='ltr'><strong>hib.</strong></span> <span class='ocrx_word' id='word_1_345' title='bbox 273 4027 403 4114; x_wconf 71' lang='lat' dir='ltr'><strong>leae),</strong></span> <span class='ocrx_word' id='word_1_346' title='bbox 448 4024 535 4114; x_wconf 87' lang='lat' dir='ltr'><strong>quod</strong></span> <span class='ocrx_word' id='word_1_347' title='bbox 565 4026 699 4093; x_wconf 87' lang='lat' dir='ltr'><strong>Varroni</strong></span> <span class='ocrx_word' id='word_1_348' title='bbox 730 4037 841 4092; x_wconf 88' lang='lat' dir='ltr'><strong>nostro</strong></span> <span class='ocrx_word' id='word_1_349' title='bbox 871 4029 1007 4112; x_wconf 81' lang='lat' dir='ltr'><strong>egregie</strong></span> <span class='ocrx_word' id='word_1_350' title='bbox 1036 4027 1204 4118; x_wconf 84' lang='lat' dir='ltr'><strong>placuisse,</strong></span> 
     </span>
     <span class='ocr_line' id='line_1_44' title="bbox 70 4111 1012 4201; baseline 0 -20"><span class='ocrx_word' id='word_1_351' title='bbox 70 4116 263 4183; x_wconf 72' lang='lat' dir='ltr'><strong>thaeronem</strong></span> <span class='ocrx_word' id='word_1_352' title='bbox 286 4126 400 4184; x_wconf 88' lang='lat' dir='ltr'><strong>testem</strong></span> <span class='ocrx_word' id='word_1_353' title='bbox 422 4112 579 4178; x_wconf 88' lang='lat' dir='ltr'><strong>habemus</strong></span> <span class='ocrx_word' id='word_1_354' title='bbox 609 4112 670 4200; x_wconf 87' lang='lat' dir='ltr'><strong>(ad</strong></span> <span class='ocrx_word' id='word_1_355' title='bbox 693 4113 832 4180; x_wconf 85' lang='lat' dir='ltr'><strong>Atticum</strong></span> <span class='ocrx_word' id='word_1_356' title='bbox 853 4111 933 4194; x_wconf 82' lang='lat' dir='ltr'><strong>llll,</strong></span> <span class='ocrx_word' id='word_1_357' title='bbox 952 4113 1012 4201; x_wconf 85' lang='grc'>6.).</span> 
     </span>
    </p>
   </div>
   <div class='ocr_carea' id='block_1_5' title="bbox 70 4247 1238 4460">
    <p class='ocr_par' dir='ltr' id='par_1_11' title="bbox 70 4247 1238 4460">
     <span class='ocr_line' id='line_1_45' title="bbox 181 4247 1206 4371; baseline -0.002 -19"><span class='ocrx_word' id='word_1_358' title='bbox 181 4287 271 4362; x_wconf 82' lang='lat' dir='ltr'><strong>Quas</strong></span> <span class='ocrx_word' id='word_1_359' title='bbox 292 4286 324 4350; x_wconf 93' lang='lat' dir='ltr'><strong>in</strong></span> <span class='ocrx_word' id='word_1_360' title='bbox 345 4247 500 4350; x_wconf 86' lang='lat' dir='ltr'><strong>hislibris</strong></span> <span class='ocrx_word' id='word_1_361' title='bbox 524 4283 791 4371; x_wconf 77' lang='lat' dir='ltr'><strong>orthographicas</strong></span> <span class='ocrx_word' id='word_1_362' title='bbox 806 4282 950 4350; x_wconf 84' lang='lat' dir='ltr'><strong>rationes</strong></span> <span class='ocrx_word' id='word_1_363' title='bbox 972 4284 1206 4366; x_wconf 77' lang='lat' dir='ltr'><strong>custodiverim,</strong></span> 
     </span>
     <span class='ocr_line' id='line_1_46' title="bbox 70 4368 1238 4460; baseline 0.002 -25"><span class='ocrx_word' id='word_1_364' title='bbox 70 4393 108 4436; x_wconf 78' lang='lat' dir='ltr'><strong>er</strong></span> <span class='ocrx_word' id='word_1_365' title='bbox 133 4371 184 4438; x_wconf 89' lang='lat' dir='ltr'><strong>his</strong></span> <span class='ocrx_word' id='word_1_366' title='bbox 206 4370 379 4460; x_wconf 84' lang='lat' dir='ltr'><strong>apparebit.</strong></span> <span class='ocrx_word' id='word_1_367' title='bbox 430 4370 573 4436; x_wconf 86' lang='lat' dir='ltr'><strong>Primum</strong></span> <span class='ocrx_word' id='word_1_368' title='bbox 596 4370 647 4433; x_wconf 90' lang='lat' dir='ltr'><strong>hio</strong></span> <span class='ocrx_word' id='word_1_369' title='bbox 670 4391 760 4435; x_wconf 89' lang='lat' dir='ltr'><strong>error</strong></span> <span class='ocrx_word' id='word_1_370' title='bbox 785 4368 958 4450; x_wconf 86' lang='lat' dir='ltr'><strong>mentibus,</strong></span> <span class='ocrx_word' id='word_1_371' title='bbox 977 4373 1102 4458; x_wconf 87' lang='lat' dir='ltr'><strong>.quihus</strong></span> <span class='ocrx_word' id='word_1_372' title='bbox 1125 4371 1207 4438; x_wconf 85' lang='lat' dir='ltr'><strong>forte</strong></span> <span class='ocrx_word' id='word_1_373' title='bbox 1235 4373 1238 4378; x_wconf 83' lang='grc'><strong>’</strong></span> 
     </span>
    </p>
   </div>
   <div class='ocr_carea' id='block_1_6' title="bbox 816 4484 917 4550">
    <p class='ocr_par' dir='ltr' id='par_1_12' title="bbox 816 4484 917 4550">
     <span class='ocr_line' id='line_1_47' title="bbox 816 4484 917 4550; baseline -0.04 -33"><span class='ocrx_word' id='word_1_374' title='bbox 816 4484 917 4550; x_wconf 58' lang='grc' dir='ltr'><strong>*[Ηῖ</strong></span> 
     </span>
    </p>
   </div>
   <div class='ocr_carea' id='block_1_7' title="bbox 0 0 1450 4820">
    <p class='ocr_par' dir='ltr' id='par_1_13' title="bbox 0 0 1450 4820">
     <span class='ocr_line' id='line_1_48' title="bbox 0 0 1450 4820; baseline 0 2"><span class='ocrx_word' id='word_1_375' title='bbox 0 0 1450 4820; x_wconf 95' lang='lat' dir='ltr'><strong> </strong></span> 
     </span>
    </p>
   </div>
  </div>
 </body>
</html>
