2890 4820
274 245 326 320 44
665 223 785 311 drusa
814 264 1010 322 ausurus.

277 441 441 506 secuntur
471 429 636 525 auspicia.
700 423 826 499 Dictus
854 428 1055 526 peregrinus
1086 452 1108 497 a
1138 424 1337 524 pergendo,
1373 425 1403 495 id

275 545 329 607 est
352 559 373 605 a
398 529 674 632 progrediend03
710 554 751 600 eo
776 531 866 600 enim
892 554 935 600 ex
960 553 1046 625 agro
1071 528 1232 604 Ruuano
1259 529 1403 624 primun

274 634 596 736 progrediebantur.
649 629 826 721 Quocirca
848 629 1007 702 Gabinus
1030 653 1169 727 quoque
1192 630 1402 726 peregrinus,
1434 669 1435 676 .

275 738 337 810 sed
365 736 460 835 quod
488 734 641 832 auspicia
670 730 775 804 babet
803 732 1012 832 singularia,
1052 729 1095 803 ab
1121 731 1255 829 reliquo
1283 730 1404 800 disere·

275 850 345 911 tus.
409 838 635 912 Hosticus
670 834 784 907 dictrrs
818 833 862 906 ab
896 833 1069 906 hostibus.
1130 832 1348 906 Incertus
1380 833 1404 900 is

276 925 378 1040 agir,
410 941 472 1038 qui
496 936 618 1011 debis
644 948 794 1034 quatuor
819 937 880 1035 qui
905 938 971 1027 sit,
999 937 1190 1034 ignoratur.

381 1105 450 1180 54.
491 1102 614 1206 Ager
648 1106 761 1179 dictus
788 1108 824 1178 in
856 1133 960 1205 quam
986 1117 1112 1178 terram
1134 1105 1219 1204 quid
1245 1103 1401 1206 agebant,

235 1222 314 1312 sset
333 1210 426 1284 unde
450 1209 535 1308 quid
556 1208 705 1309 agebant
727 1209 862 1282 fructus
887 1233 1010 1282 eausa:
1040 1209 1098 1280 alii
1118 1207 1268 1305 quodid
1286 1206 1407 1279 Graeci
1434 1217 1435 1312 3

240 1315 402 1390 10dicunt
434 1307 563 1414 ἀγρόν,
612 1313 663 1382 Ut
693 1337 776 1410 ager
807 1338 878 1410 quo
911 1313 969 1410 agi
999 1321 1151 1406 poterat,
1186 1311 1236 1381 sic
1262 1335 1332 1407 qua
1357 1311 1407 1407 api

198 1445 203 1457 “
278 1425 427 1486 actus.
481 1415 571 1485 Eius
600 1412 679 1484 linis
712 1414 875 1484 minimus
908 1415 1113 1484 constitutus
1136 1414 1173 1482 in
1199 1411 1435 1483 latitudinem}

278 1516 385 1614 pedes
420 1525 589 1611 quatuor,
631 1513 776 1586 fortasse
808 1540 854 1585 an
887 1513 930 1585 ab
961 1540 1002 1586 eo
1037 1525 1204 1612 quatuor,
1245 1514 1340 1609 quud
1373 1539 1408 1584 ea

279 1617 477 1715 quadrupes
516 1618 653 1714 agitur,
700 1617 738 1686 in
770 1615 1021 1716 longitudinem
1055 1615 1161 1714 pedes
1195 1613 1329 1708 CXX3
1374 1617 1435 1704 inl

280 1717 488 1814 quadratum
527 1727 643 1786 actum
684 1728 719 1789 et
762 1715 871 1789 latum
913 1730 948 1790 et
985 1719 1128 1816 longum
1173 1741 1249 1789 esse
1288 1715 1435 1808 CXX}

280 1819 396 1939 Mu3ta
418 1821 551 1916 antiqui
572 1817 781 1891 duodenario
807 1846 950 1892 numero
976 1819 1159 1911 linierunt,
1187 1832 1226 1889 ut
1251 1818 1330 1888 XII
1356 1818 1410 1890 de·

284 1923 543 1992 currisactum.
601 1943 603 1948 ·
680 1918 749 1992 55.
788 1922 993 2020 Iugerum
1017 1922 1149 1993 dictum
1174 1921 1302 1992 iunctis
1330 1920 1411 1991 duo·

239 2021 351 2111 §rbus
386 2022 520 2094 actibus
554 2021 743 2120 quadratis.
811 2021 1034 2116 ¹Centuria
1075 2024 1242 2121 primo-a
1276 2019 1435 2092 centum³

283 2123 459 2222 iugeribus
486 2123 599 2215 dieta,
634 2135 712 2220 post
736 2123 909 2221 duplicata
931 2126 1072 2196 retinuit
1093 2151 1239 2216 nomen,
1275 2135 1314 2194 ut
1339 2127 1435 2196 ῐνίὒ

282 2223 366 2298 bus
386 2223 630 2322 multiplicatae
652 2226 743 2296 idem
765 2237 881 2298 tenent
902 2252 1040 2299 nomen.
1089 2228 1140 2298 Ut
1161 2253 1230 2325 qua
1252 2224 1410 2324 agebant,

214 2337 405 2408 (11)actus:
450 2328 500 2398 sic
534 2352 603 2424 qua
636 2326 828 2420 vehebant,
869 2331 967 2400 viae
1002 2327 1135 2421 dictae3
1179 2354 1249 2425 quo
1282 2327 1413 2398 fructus

285 2427 579 2521 convehebantur,
608 2429 751 2502 villae
760 2459 772 2525 3
808 2455 876 2531 qua
902 2428 1016 2524 ibant,
1045 2428 1088 2500 ab
1114 2432 1165 2500 itu
1188 2432 1274 2502 iter
1300 2431 1414 2528 appel·

283 2531 421 2625 larunt,
462 2556 531 2629 qua
563 2530 600 2601 id
635 2543 801 2631 anguste,
837 2534 1000 2604 semita
1031 2543 1071 2603 ut
1102 2533 1239 2604 semiter
1272 2531 1435 2603 dictum.w

288 2743 357 2795 laris
377 2743 430 2810 lX,
447 2747 491 2795 35.
511 2742 563 2812 (a.)
607 2744 647 2799 (ll.
666 2751 753 2798 notata
777 2747 811 2798 ad
827 2747 859 2812 V,
877 2748 954 2800 inscr.
979 2752 1006 2799 et
1029 2749 1108 2812 513.
1230 2743 1375 2810 secuntur]
1385 2747 1416 2796 G.

286 2823 414 2867 seruntur
432 2818 494 2868 cett.
525 2814 660 2883 seruntur
678 2835 721 2884 vg.
763 2821 919 2888 Sequuntur
936 2819 1077 2870 Varronem
1099 2823 1182 2883 ne'que
1200 2816 1310 2881 dixisse,
1336 2833 1418 2882 neque

286 2886 419 2954 scripsisse
437 2892 537 2938 certum
555 2886 655 2939 videtur
673 2889 721 2956 (cs.
739 2889 774 2940 sd
791 2890 823 2954 V,
838 2888 893 2955 2.),
917 2891 964 2942 sed
983 2892 1023 2941 vel
1040 2898 1202 2960 sequnntur,
1226 2890 1267 2939 vel
1285 2898 1418 2939 secuntur.

286 2964 317 3010 ut
338 2957 482 3027 loquontur
507 2963 534 3008 et
556 2956 696 3016 locuntur,
723 2960 850 3030 reliquom
871 2967 898 3012 et
920 2960 1036 3012 relicum.
1081 2961 1139 3012 Hoc
1156 2969 1284 3010 secuntur
1302 2959 1419 3010 librarios

287 3028 409 3082 fefellisse
427 3027 537 3082 videtur.
580 3031 660 3102 Sequi
685 3032 808 3101 auspicia
832 3032 923 3084 eodem
949 3047 1026 3084 seusu
1044 3031 1147 3084 *dictum
1172 3035 1250 3098 puto,
1277 3045 1329 3096 quo
1349 3032 1419 3096 sequi

288 3102 374 3166 leges,
403 3101 476 3166 sequi
497 3101 631 3156 rationem.
752 3104 866 3176 quoque]
885 3104 1010 3168 Scaliger.
1054 3122 1105 3172 quo
1123 3103 1178 3154 sive
1196 3099 1324 3168 (sineb.)
1344 3101 1418 3153 codd.

289 3170 372 3240 quod]
391 3171 536 3226 Turnebus.
569 3192 634 3242 quos
652 3173 727 3228 codd.
841 3173 933 3244 habet]
953 3175 1097 3229 Turnebus.
1133 3171 1232 3224 labent
1250 3173 1324 3226 codd.
1359 3174 1420 3224 Dixi

290 3243 323 3294 de
344 3239 368 3295 b.
385 3244 401 3295 l.
438 3242 537 3296 Rerum
554 3243 722 3299 Etruscarum
739 3246 791 3311 III,
809 3251 842 3313 5,
860 3251 885 3301 4.

404 3343 456 3409 34.
484 3358 533 3410 ..ιι-ι·
559 3359 641 3430 quoa]
660 3364 784 3430 Spengel.
809 3380 824 3417 e
850 3365 960 3417 reasons
985 3363 1098 3435 aliquod
1119 3363 1193 3416 rec.
1237 3359 1344 3431 ..requae
1367 3360 1419 3412 ua.

290 3447 341 3484 orn.
360 3431 386 3485 b.
423 3433 463 3484 Au
481 3431 590 3483 tortasse
608 3433 692 3485 Varro
710 3437 813 3502 scripsit
832 3435 870 3484 ali
889 3435 931 3500 (ut
949 3435 1031 3503 idern)
1052 3432 1145 3506 quod?
1222 3433 1286 3504 quo]
1305 3432 1420 3484 Turneb.

291 3505 398 3571 Sciopp.
453 3503 507 3554 uod
523 3502 597 3555 codd.
705 3505 829 3574 fortasse
846 3507 893 3573 an]
909 3523 932 3558 v.
950 3508 1015 3573 VII,
1034 3511 1077 3560 40.
1096 3505 1172 3570 VIII,
1190 3509 1216 3556 t.
1253 3504 1372 3568 Scaliger
1392 3504 1421 3555 ad

292 3576 367 3627 Varr.
387 3575 420 3626 de
464 3576 516 3627 .R.
534 3574 587 3640 ill,
606 3579 631 3626 6.
649 3591 676 3642 p.
688 3577 749 3628 240.
769 3577 809 3628 ed.
828 3577 982 3630 Durdrecht.
1126 3577 1194 3640 esse]
1213 3575 1278 3628 coni.
1297 3577 1422 3642 Spengel.

292 3654 362 3695 esset
380 3646 454 3700 codd.
492 3646 532 3701 Gi.
551 3647 584 3711 V,
603 3649 646 3698 46.
677 3643 721 3697 Ab
745 3647 783 3698 eis
808 3648 897 3699 dictus
921 3649 996 3701 vicus
1023 3652 1141 3706 Tuscus,
1166 3655 1194 3698 et
1212 3646 1270 3697 ideo
1293 3645 1332 3696 ibi
1353 3648 1381 3699 V
1380 3665 1423 3698 or-

293 3725 414 3767 tumnum
432 3726 506 3770 stare
515 3737 525 3778 ,-
551 3725 578 3771 et
595 3733 672 3787 supra
690 3721 769 3784 §2ss.
794 3719 839 3785 vl,
858 3723 900 3772 64.

407 3819 459 3884 35.
483 3835 624 3902 Iugerum]
642 3833 675 3886 ci.
694 3834 727 3885 de
746 3833 784 3885 liis
802 3833 926 3887 Niebuhr.
940 3834 979 3886 lt.
991 3834 1025 3887 H.
1038 3835 1077 3900 ΙΙ,
1095 3854 1121 3903 p.
1129 3840 1191 3888 705.
1210 3835 1251 3888 ed.
1265 3851 1318 3888 sec.
1357 3835 1424 3886 Cen-

294 3903 372 3955 suria
391 3907 487 3960 rectius
506 3906 648 3972 explicatur
666 3923 682 3957 a
700 3903 843 3957 Niebuhrio
861 3906 895 3958 R.
914 3907 948 3958 H.
968 3906 1001 3972 ll,
1020 3925 1044 3975 p.
1061 3912 1136 3971 tlt,
1161 3909 1277 3960 Varrone
1294 3909 1367 3975 ipso,
1393 3906 1425 3957 de

294 3976 633 4044 R.R.1,10.‹locsnts‚
658 3979 787 4029 centurias
816 3977 896 4030 luisse
923 3986 1088 4030 centenorum
1113 3977 1289 4042 taediorum,
1320 3977 1426 4029 heredia

295 4048 414 4102 binorum
436 4051 563 4116 iugerum.
732 4048 817 4116 primo
835 4053 867 4115 a]
887 4053 929 4116 vg.
962 4050 1048 4118 primo
1066 4051 1100 4102 G.
1132 4049 1249 4117 primum
1267 4049 1302 4101 H.
1335 4050 1426 4116 prima

295 4124 357 4170 cett.
503 4116 605 4184 tribus]
624 4134 667 4186 vg.
705 4119 792 4172 tribus
810 4120 917 4172 acribus
935 4122 1009 4184 codd.
1045 4121 1144 4173 Locum
1162 4121 1287 4174 Varronis
1299 4123 1426 4189 ,euprImit

294 4189 437 4243 Columella
455 4191 489 4244 de
505 4189 540 4244 R.
558 4189 592 4242 R.
612 4191 644 4254 V,
664 4193 688 4242 1.
803 4210 857 4262 qua
875 4192 1003 4264 agebant]
1021 4193 1180 4258 Augustinus
1199 4208 1233 4244 ex
1251 4193 1330 4244 libris.
1374 4209 1425 4263 quo

237 4295 245 4318 .
294 4259 411 4330 agebant
428 4263 502 4316 codd.
615 4261 740 4330 viae]vg.
769 4272 848 4315 actus
866 4265 925 4318 uiae
942 4264 1017 4317 codd.
1052 4263 1124 4315 Idem
1142 4271 1245 4329 etymon
1260 4263 1351 4316 vices.
1363 4259 1426 4314 reae

295 4331 379 4385 dell.
398 4334 515 4400 R.1‚2,
534 4336 576 4387 14.
690 4332 724 4384 ab
741 4332 795 4402 itu]
813 4353 855 4403 vg.
893 4333 927 4386 ab
945 4335 1022 4386 abitu
1042 4333 1228 4402 (habiture.)
1246 4335 1321 4388 cedd.
