2890 4820
460 241 498 340 ἓ.
528 255 643 325 34-
661 257 724 336 39·
1115 242 1163 318 rs

40 423 100 500 56.
138 421 240 527 Aper
274 427 428 500 cultus
458 426 502 500 ab
536 453 578 502 eo
608 428 704 528 quod
736 426 891 502 ibicum
916 439 1005 502 terra
1032 433 1163 506 semina
1254 413 1262 428 ⁸

41 528 245 622 coalescant,
281 540 320 602 ut
354 531 565 624 inconsitus,
600 531 820 604 incultus.
880 524 987 623 Quod
1012 535 1162 630 primum

40 657 77 702 ex
106 657 189 729 agro
226 625 330 729 plano
370 630 504 706 fructus
537 633 739 732 capiebant,
786 659 988 731 campus
1024 633 1160 730 dictus,

41 743 254 830 posteaquam
294 735 450 830 proxima
486 738 662 834 superiora
694 736 772 808 loca
807 738 920 810 colere
958 747 1160 832 coeperunt,

41 860 58 904 a
79 834 220 908 colendo
242 835 379 909 colles
405 837 644 935 appellarunt,
679 862 767 935 quos
788 863 889 936 agros
910 865 981 911 non
1004 836 1202 921 rotehonen

40 948 171 1032 propter
197 938 301 1010 silvas
328 939 450 1010 antid
474 966 624 1038 genus,
647 939 707 1010 ubi
731 963 838 1036 pecus
863 951 981 1036 posset
1006 941 1105 1038 pasci
1130 953 1164 1013 et

40 1037 273 1133 possidebant,
313 1040 358 1111 ab
392 1067 459 1112 usu
489 1067 553 1115 suo
583 1041 732 1113 saltus
765 1043 997 1112 nominarunt.
1061 1041 1163 1115 Haec

41 1141 132 1210 etiarn
157 1139 286 1213 Graeci
312 1137 443 1238 rupeis,
476 1144 586 1214 nostri
618 1165 806 1214 nemora.
961 1139 1030 1213 57.
1064 1138 1164 1241 Ager

40 1243 123 1336 quod
140 1242 322 1315 videbatur
342 1242 515 1342 pecudum
536 1267 578 1313 ac
603 1245 769 1338 pecuniae
792 1267 868 1314 csse
886 1241 1160 1337 fundamentum,

39 1342 196 1416 landus
227 1343 342 1418 dictus
355 1373 368 1440 3
407 1356 466 1416 aut
491 1343 586 1441 quod
610 1344 726 1415 fundit
748 1344 1016 1443 quotquotannis
1040 1344 1161 1416 multa.

39 1443 194 1518 Vineta
218 1471 260 1518 ac
283 1449 444 1519 vineae
469 1471 490 1516 a
515 1449 585 1518 vite
610 1447 730 1518 multa.
793 1445 914 1520 Vitis
940 1469 961 1515 a
987 1447 1092 1537 vino,
1127 1446 1165 1516 id

40 1548 131 1641 avi,
177 1548 261 1629 binc
296 1546 542 1638 vindemia,
588 1547 684 1646 quod
714 1559 766 1620 est
793 1545 978 1617 vinidemia
1004 1558 1063 1619 aut
1086 1548 1165 1618 viti·

39 1648 155 1720 demia.
217 1649 358 1749 Segcs
390 1648 435 1721 ab
474 1659 595 1741 satu,
643 1649 680 1721 id
714 1661 768 1721 est
802 1651 943 1720 semine.
1006 1647 1164 1720 Samen

39 1751 123 1846 quod
163 1777 234 1822 non
270 1752 371 1848 plene
408 1751 446 1822 id
483 1752 577 1848 quod
614 1749 720 1845 inde,
770 1747 852 1822 binc
887 1752 1160 1844 seminaria,

40 1863 290 1945 sementem,
316 1856 397 1925 item
420 1851 499 1924 alia.
547 1851 654 1944 Quod
677 1864 812 1951 segetes
834 1851 962 1944 ferunt,
991 1852 1160 1950 fruges3

40 1953 223 2026 al'ruendo
251 1955 453 2048 fructus,
491 1952 535 2026 ab
563 1980 626 2052 spe
650 1956 827 2051 spicae,
863 1953 923 2026 ubi
950 1954 1159 2046 etculmi,
1260 1981 1264 1989 ’

39 2056 122 2150 quod
154 2059 192 2128 in
228 2083 364 2130 summo
398 2082 521 2154 campo
553 2067 768 2149 naseuntur,
815 2066 850 2127 et
881 2083 1052 2128 summum
1087 2057 1204 2156 cul-ag

39 2181 119 2228 men.
291 2157 360 2230 58.
409 2157 491 2234 Ubi,
517 2158 689 2230 frumenta
722 2169 835 2246 secta,
874 2169 914 2229 ut
945 2169 1100 2231 terantur
1128 2169 1202 2230 etrr

40 2269 208 2351 arescant,
237 2286 356 2332 area.
412 2262 564 2358 Propter
587 2260 712 2332 borum
739 2258 997 2332 similitudinem
1017 2262 1054 2330 in
1075 2259 1162 2332 urbe

39 2356 105 2431 loca
129 2359 387 2462 pameneae,
414 2388 528 2459 aquo
552 2363 789 2459 potestatium
816 2387 892 2431 ara
916 2360 1038 2450 deum,
1068 2361 1163 2459 quod

39 2486 137 2556 pura,
179 2466 247 2536 nisi
269 2467 383 2562 potius
409 2463 453 2534 ab
479 2461 641 2555 ardore,r
658 2462 703 2533 ad
729 2488 832 2559 quem
853 2473 892 2534 ut
919 2465 987 2552 sit,
1020 2461 1060 2532 lit
1080 2488 1160 2555 ara,

40 2586 149 2662 aquo
185 2568 263 2662 ipso
294 2593 373 2638 area
404 2593 474 2638 non
510 2564 626 2658 abest,
670 2564 764 2662 quod
793 2566 853 2661 qui
887 2563 1029 2636 arefacit
1061 2562 1165 2634 ardor

40 2677 84 2736 est
114 2667 207 2744 solis,
372 2665 441 2739 59.
480 2664 581 2766 Ager
613 2666 846 2740 restibilis
881 2669 942 2763 qui
974 2667 1164 2737 restituitur

41 2789 75 2836 ac
96 2771 262 2842 rescritur
288 2772 578 2869 quotquotannis5
619 2779 739 2842 contra
767 2771 827 2867 qui
851 2769 1109 2860 intermittitur,
1143 2794 1164 2838 a

140 2980 194 3047 36.
219 2993 381 3060 coalescant]
400 2996 465 3046 coni.
503 2989 685 3044 coalescebant
704 2991 779 3043 codd.
902 2989 1006 3057 ut]Hb.
1042 2998 1070 3038 et
1088 2989 1161 3042 FGa.
1192 3003 1217 3054 Ἰ

42 3079 82 3117 om.
99 3067 134 3120 H.
172 3070 237 3122 Post
254 3068 329 3120 codd.
348 3066 445 3118 addunt
462 3063 497 3116 ab
515 3064 585 3130 quod
603 3063 685 3116 omisi.
721 3064 791 3114 Hino
809 3068 866 3114 orta
882 3063 1005 3126 vulgata:
1032 3069 1059 3109 et
1081 3057 1115 3107 ab
1133 3078 1163 3109 eo

43 3139 103 3204 qaod
124 3140 282 3193 inconsitus.
412 3137 514 3206 posset]
533 3137 632 3203 scripsi.
665 3134 753 3202 possit
771 3133 847 3185 codd.
978 3129 1184 3199 possidebant]¹

42 3206 123 3263 Festus
142 3217 246 3281 paon.
264 3209 381 3263 Lindem.
415 3205 579 3276 possessi
586 3223 666 3257 ones
691 3203 864 3272 appellantur
881 3200 941 3273 agri
959 3201 1015 3252 late
1037 3211 1164 3270 patentes

40 3280 129 3344 publici
150 3282 322 3353 privatique,
348 3280 413 3352 quia
431 3298 482 3330 non
501 3275 711 3344 mancipatione,
735 3277 782 3326 aed
799 3294 866 3326 usu
886 3272 1062 3339 tenebantur,
1086 3283 1113 3323 et
1132 3282 1165 3321 ur

43 3353 174 3422 qaisquam
192 3363 384 3422 occupaverat,
410 3349 551 3402 collidebat
570 3345 709 3413 (calebat).
735 3347 775 3400 Cl.
788 3345 912 3400 Niebuhr.
924 3347 958 3398 R.
966 3346 1001 3398 H.
1009 3345 1044 3396 ll.
1056 3362 1081 3412 p.
1094 3347 1163 3408 162,

42 3425 79 3486 qui
95 3429 172 3478 etiam
189 3432 277 3479 nostro
296 3427 354 3478 loco
371 3425 411 3476 uti
428 3427 538 3491 poterat.

142 3551 196 3618 37.
229 3539 318 3634 plene]
345 3563 410 3615 coni.
458 3560 542 3628 plane
564 3559 641 3612 codd.
692 3559 776 3610 Varro
802 3572 889 3608 semen
919 3569 935 3605 a
962 3551 1039 3604 semis
1067 3551 1164 3602 dictum

44 3641 115 3698 putat.
242 3633 491 3701 serrrcnremJFGab.
526 3641 672 3682 serentum
689 3630 739 3682 Hc.
776 3635 902 3678 censentes
921 3641 963 3690 vg.
1000 3621 1053 3674 Sed
1073 3623 1164 3688 reliqui

45 3705 105 3774 illud,
121 3711 181 3776 qnia
197 3715 223 3762 et
236 3709 293 3760 aliis
312 3707 376 3758 locis
390 3706 472 3758 oratio
491 3705 518 3755 in
532 3703 706 3755 accusativum
723 3700 858 3765 abruptius
877 3696 975 3758 transit,
993 3694 1029 3744 ita
1045 3700 1074 3743 ut
1087 3693 1164 3744 modo

45 3783 163 3841 passivum
182 3780 295 3844 dicitur,
322 3777 400 3829 modo
423 3777 534 3829 activum
553 3773 646 3824 dicunt
668 3770 837 3838 supplendum
863 3769 904 3818 sit.
930 3767 962 3819 V.
982 3767 1019 3830 V,
1038 3769 1081 3816 88.
1104 3768 1162 3817 142.

41 3845 153 3921 fructus]
169 3853 193 3905 h.
207 3871 230 3907 v.
246 3853 330 3904 Varro
348 3849 414 3900 infra
431 3849 463 3913 V,
477 3849 537 3899 104.
556 3862 571 3897 a
588 3844 696 3896 ferundo
714 3849 745 3894 ut
762 3841 876 3892 sruamnr
894 3838 990 3890 dictum
1007 3841 1109 3900 censet3
1126 3837 1163 3887 ita

46 3927 70 3971 n
85 3925 129 3977 sibi
148 3941 198 3978 uon
216 3925 278 3978 satis
296 3927 415 3974 constare
433 3921 556 3971 rideatur.

145 4049 197 4114 38.
221 4069 312 4130 potest
329 4073 381 4108 ara
400 4053 487 4122 deum]
506 4069 561 4105 esse
586 4051 657 4104 addit
674 4049 714 4114 b,
740 4053 770 4100 ut
786 4063 828 4114 vg.
872 4044 926 4099 Sed
950 4059 1001 4096 non
1025 4059 1090 4110 opus
1115 4049 1163 4095 est.

47 4125 104 4185 Nam
117 4135 198 4189 Varro
216 4135 319 4201 saepius
337 4131 388 4182 sic:
411 4133 525 4195 possunt
543 4125 571 4174 in
585 4123 666 4174 Latio
686 4138 788 4192 quoque
804 4122 870 4168 baec
885 4116 976 4166 eadem
986 4114 1060 4182 ficta
1073 4115 1105 4179 V,
1119 4117 1162 4166 96.

48 4199 71 4248 id
92 4223 107 4252 a
129 4203 288 4277 θριάμβω
311 4208 402 4270 potest
427 4197 527 4246 dictam
544 4197 596 4262 VI,
614 4199 658 4248 68.
676 4237 677 4245 ,
692 4200 781 4260 potest
797 4191 827 4240 id
843 4187 878 4238 ab
895 4185 1019 4266 ucciando
1036 4184 1163 4264 vll,·58.

49 4271 82 4322 Vl·
99 4279 130 4342 V,
147 4285 206 4332 118.
231 4257 285 4334 vs,
302 4279 346 4328 58.
364 4277 408 4324 60.
436 4268 502 4334 Vll,
518 4273 561 4322 75.
597 4267 683 4320 Itonia·
701 4263 750 4315 boc
764 4261 881 4332 primam
899 4255 990 4310 debon
1005 4252 1162 4328 pastorebus

51 4359 145 4407 careus,
161 4349 276 4417 intellige
294 4362 365 4402 esse.
382 4344 415 4407 V,
435 4345 495 4394 108.
