2866 4812
183 329 185 344 .
232 267 311 344 182
416 251 419 264 Ὗ
615 291 736 335 urnnu
775 287 976 336 cerasus.

164 495 221 536 uns
234 468 324 533 esset
356 457 468 544 enim,
502 460 541 524 ut
567 451 598 521 si
622 449 701 545 quis
725 443 992 522 Menaechmus*
1009 427 1173 548 geminos¹
1189 469 1297 547 quom
1327 450 1373 518 vi·
1422 482 1423 510 r

175 551 219 566 '⁸
234 561 333 650 deat,
368 557 462 629 dicat
485 578 557 625 non
582 574 687 648 posse
716 547 870 622 iudicare
894 550 1068 623 similesne
1092 552 1185 643 sint,
1220 551 1289 621 nisi
1315 551 1374 646 qui

232 689 277 734 ax
300 659 357 731 his
381 661 452 730 sint
473 656 568 746 nati,
596 648 848 744 considerarit,
875 677 960 738 num
986 651 1185 750 discrepent
1210 653 1303 724 inter
1323 675 1371 722 se.

234 761 302 834 45.
340 759 439 832 Nihil
464 760 619 853 inquam,
648 778 719 850 quo
744 754 855 852 magis
881 756 1037 826 minusve
1062 757 1107 826 sit
1127 754 1252 845 simile,
1280 750 1374 850 quod

197 886 198 890 ’
233 862 394 938 conferas
420 885 500 934 cum
526 859 657 949 altero,
686 854 731 926 ad
752 854 977 928 iudicandum
1003 859 1215 929 extrinsecus
1241 865 1376 952 oportet

235 967 339 1038 sumi.
400 962 521 1054 Quare
547 984 626 1032 curn
653 959 833 1056 ignorent,
871 957 1161 1056 quamadmodum
1187 956 1375 1030 similitudo
1423 989 1424 1030 3

235 1065 359 1140 debeat
391 1065 506 1152 sumi,
544 1061 587 1133 de
612 1059 770 1155 analogia
804 1057 920 1133 dicere
953 1087 1023 1134 non
1049 1070 1226 1158 possunt..
1273 1059 1375 1129 Haec

235 1169 387 1266 apertius
418 1165 582 1236 dixissem
615 1163 683 1232 nisi
712 1158 853 1232 brevius
883 1189 924 1235 eo
955 1187 1049 1234 nunc
1083 1161 1243 1254 mallem,
1282 1159 1376 1256 quod

162 1257 328 1354 (omnim
356 1278 438 1340 sunt
462 1265 601 1360 planius
628 1261 839 1359 usurpanda.
902 1263 1021 1356 Quare
1047 1262 1141 1362 quod
1166 1263 1212 1364 ad
1237 1264 1376 1333 univer·
1424 1279 1425 1308 Ὗ

235 1397 324 1456 sum¹
348 1381 506 1442 naturam
536 1362 733 1452 ,verborum
771 1367 911 1457 attinet,
956 1364 1043 1438 haec
1080 1366 1236 1464 attigisse
1275 1363 1376 1436 modu

204 1538 209 1554 ,
236 1475 318 1544 satis
342 1484 407 1544 cst.

174 1580 231 1657 25
343 1588 413 1662 dd.
458 1589 565 1682 Quod
590 1587 635 1660 ad
659 1589 767 1687 partis
795 1586 950 1688 singulas
983 1589 1170 1681 orationis,
1215 1586 1377 1684 deinceps

239 1693 376 1786 dicam3
420 1692 544 1786 quoius
578 1693 743 1786 quoniam
776 1701 857 1762 sunt
890 1689 1075 1762 divisiones
1108 1689 1249 1788 plures,
1284 1713 1377 1760 nunc

180 1821 230 1892 ‘2²1‘
241 1819 369 1892 ponam
400 1792 617 1889 potissimum
647 1794 716 1861 iam
742 1816 812 1887 qua
837 1788 1014 1862 dividitur.
1077 1789 1200 1864 Oratio
1227 1789 1377 1864 secanda

242 1907 281 1967 ut
305 1905 429 1968 natura
452 1895 490 1964 in
522 1903 684 1991 quattuor
708 1894 836 1990 partis:
870 1894 907 1962 in
934 1918 1030 1982 eam,
1067 1919 1157 1991 quae
1189 1891 1296 1966 habet
1324 1918 1377 1963 ca·

239 2023 320 2091 sus,
359 2007 395 2068 et
423 2019 512 2094 quae
544 1992 652 2067 habet
675 2005 855 2092 tempora,
892 2005 1037 2090 atquae
1061 1993 1169 2068 habet
1193 2006 1374 2088 neutrum5

240 2111 276 2173 et
294 2100 332 2170 in
353 2123 422 2195 qua
445 2107 497 2170 est
518 2108 716 2194 utrumque.
750 2097 831 2171 Has
852 2106 978 2169 vocant
1000 2095 1141 2193 quidam
1163 2096 1374 2195 appellandi,

240 2198 399 2292 dicendi,
434 2197 725 2291 adminiculandi,
759 2196 939 2296 iungendi.
993 2197 1208 2296 Appellandi
1233 2199 1375 2289 dicitur,

240 2313 286 2374 ut·
306 2300 435 2376 homo
468 2310 504 2373 ct
528 2300 718 2373 Nestor:
758 2298 916 2392 dicendi,
952 2310 991 2372 ut
1015 2299 1171 2373 scribo
1197 2312 1231 2373 et
1256 2301 1378 2401 lego:

183 2402 429 2504 115iungendi,
453 2413 557 2475 utet
583 2403 638 2474 et*
662 2427 766 2500 que:
803 2400 1097 2496 adminiculandi,
1112 2414 1164 2488 ‚ut
1188 2402 1324 2476 docte
1347 2413 1380 2475 et

103 2512 105 2518 '
241 2505 476 2578 commode.

344 2623 413 2695 45.
452 2620 668 2720 Appellandi
693 2637 808 2722 partes
834 2636 915 2720 sunt
937 2595 1120 2722 quattudr,
1146 2650 1166 2696 c
1186 2625 1265 2722 quis
1288 2623 1380 2696 dicta

179 2751 262 2823 agga
288 2722 494 2823 quibusdam
521 2724 776 2823 provocabula,
804 2751 893 2822 quae
918 2737 1000 2798 sunt
1024 2736 1064 2798 ut
1085 2727 1207 2823 quis,
1242 2752 1375 2823 quae:

242 2825 434 2918 vocabula,
467 2835 509 2898 ut
538 2837 724 2919 scutum,
765 2826 1006 2931 gladiumtv
1034 2829 1194 2922 nomina,
1229 2838 1271 2899 ut
1295 2830 1378 2901 Ro·

242 2927 415 3019 mulus,
443 2927 635 3001 Remus=
670 2931 895 3026 pronomina,
922 2941 962 3002 ut
986 2928 1083 3023 hic,
1115 2928 1240 3002 haec.
1296 2929 1380 3004 Duo

241 3028 355 3104 media
389 3029 552 3102 dicuntur
579 3033 795 3105 nominatus:
836 3033 948 3129 prima
981 3042 1016 3106 et
1040 3041 1192 3104 extrema
1224 3032 1376 3104 articuli.

241 3133 404 3206 Primum
434 3157 544 3230 genus
576 3143 629 3208 est
657 3133 851 3227 infinitum,
896 3133 1090 3208 secundum
1119 3142 1161 3206 ut
1188 3132 1376 3227 infinitum,

354 3327 408 3394 43.
434 3339 522 3414 infra]
539 3343 595 3411 IX,
612 3348 725 3402 ero-44.
750 3352 778 3402 st
792 3349 904 3402 muime
920 3347 964 3414 X,
980 3351 1007 3402 3.
1021 3363 1079 3421 sqq.

355 3445 408 3511 44.
432 3459 487 3511 iam
505 3461 572 3530 quo]
585 3461 660 3520 cca.
695 3467 756 3547 iarn
768 3483 839 3538 quur
850 3464 887 3519 H.
923 3465 953 3518 in
970 3481 1039 3536 quac
1056 3480 1099 3531 vg.
1212 3470 1246 3513 1⁴!
1263 3462 1376 3526 mium]
1426 3465 1429 3530 Ὗ.

242 3532 284 3587 cf.
302 3533 336 3598 V,
349 3536 394 3584 11.
509 3533 539 3583 in
555 3533 625 3600 eom]
637 3550 661 3587 a.
698 3553 727 3587 m
744 3551 799 3586 rom
818 3535 894 3592 codd.
922 3537 975 3604 vg.
989 3535 1109 3590 scribitur
1126 3549 1222 3598 um,
1240 3540 1268 3586 et
1285 3539 1377 3602 postea

242 3604 373 3659 adduntur
388 3601 504 3655 alteram
518 3643 526 3658 .
542 3640 548 3652 .
564 3604 674 3655 tertiam
690 3646 697 3663 ‚
715 3645 724 3659 .
743 3617 887 3677 quartam.-
914 3608 1007 3676 quibus
1025 3605 1142 3660 omuibus
1161 3620 1212 3656 non
1232 3620 1315 3671 aegre
1333 3620 1376 3656 ea-

241 3690 337 3730 remus.
380 3676 456 3727 litata
481 3690 539 3728 esse
565 3675 684 3728 videntur
707 3693 742 3730 ex
758 3677 815 3744 IX,
831 3683 876 3734 81.
903 3679 943 3746 X,
962 3683 1006 3732 lt.
1156 3675 1375 3728 adminiculasti,

241 3745 382 3816 iungenda]
410 3745 484 3798 Haec
515 3753 683 3816 transponere
715 3751 873 3816 praestabit,
900 3756 930 3803 ut
955 3750 1092 3803 concinant
1115 3763 1173 3800 eum
1199 3747 1329 3815 prioribus
1352 3751 1375 3797 et

242 3819 361 3886 proxime
384 3817 561 3884 sequentibus.
607 3820 662 3873 Sed
687 3821 764 3874 etiarn
786 3821 826 3874 sic
853 3820 918 3875 baec
941 3820 1031 3874 divisio
1056 3827 1084 3875 et
1106 3833 1194 3872 seeum
1212 3825 1329 3888 pugnat,
1352 3823 1375 3870 et

242 3904 301 3942 cum
326 3892 385 3943 loco
412 3887 534 3940 interiore
550 3889 594 3954 X,
612 3895 672 3958 11.,
706 3907 759 3958 quo
784 3889 859 3943 docta
884 3899 911 3947 et
926 3891 1018 3965 facete
1043 3898 1072 3945 nt
1094 3891 1220 3944 vocabula
1239 3895 1374 3960 ponuntur,

244 3973 414 4030 quaerasque
433 3965 551 4028 tempora
570 3975 654 4030 neque
672 3961 885 4018 emushabeaut.
917 4009 919 4015 .
999 3972 1032 4016 ut
1050 3972 1078 4014 et
1093 3963 1139 4012 er·
1159 3960 1222 4033 qus]
1240 3961 1308 4015 coni.
1345 3967 1372 4010 ut
1428 3991 1429 3996 κ

244 4047 296 4151 qpa
311 4031 398 4152 §quos
415 4030 455 4099 a.)
474 4031 550 4086 codd.
602 4043 634 4086 ut
653 4043 849 4108 quaeratque
873 4037 914 4090 vel
939 4045 971 4087 ut
989 4049 1023 4087 ac
1039 4043 1067 4085 et
1084 4051 1136 4108 quc
1160 4033 1226 4088 coni.
1251 4031 1371 4102 Spengel·

242 4118 260 4153 u
292 4118 310 4151 α
325 4120 376 4174 qua
392 4117 436 4170 vg.
564 4143 570 4160 .

355 4192 408 4258 45·
441 4208 517 4281 quis,
544 4209 624 4282 quaa]
642 4225 666 4265 a.
691 4217 725 4265 ut
749 4212 867 4279 videtur,
898 4213 965 4266 sieut
996 4213 1179 4267 emendaverat
1208 4212 1369 4280 Augustinus.

241 4277 356 4401 ppiaqua
374 4283 435 4332 cett.
454 4281 530 4333 codd.
649 4281 792 4348 vocabula]
811 4299 861 4338 orn.
881 4283 965 4340 ccli.
1001 4285 1056 4338 Sed
1073 4301 1097 4338 v.
1116 4284 1183 4340 inira
1198 4285 1276 4349 §.⁶2
1294 4289 1322 4336 et
1337 4280 1370 4342 X,
1428 4307 1429 4310 ¹

434 4348 570 4421 gladium]
594 4349 653 4407 huie
677 4353 804 4410 vocabulo
823 4367 856 4408 ut
880 4363 1037 4426 anteponunt
1055 4356 1145 4416 codd,
1175 4356 1244 4424 quod
1263 4367 1367 4422 maol·
