2864 4814
443 217 480 318 g·
514 235 559 306 17
589 261 637 276 -
664 236 728 304 21·
1092 222 1142 296 81

28 408 98 480 eleae
121 405 229 482 honos
254 404 347 502 apud
370 405 546 502 antiquos.
601 406 692 480 Nam
719 409 750 478 ei
775 429 875 478 sacra
900 410 1057 482 instituta
1082 436 1143 482 an·

28 535 85 580 uua
102 518 134 580 et
154 506 280 580 flamen
301 504 504 581 attributus:
531 534 625 605 punc
641 510 700 580 vix
721 535 845 580 nomen
865 520 985 584 notum
1007 515 1140 607 paucis.
1152 541 1187 590 st

27 609 282 682 Portunalia
317 608 410 680 elicta
433 634 453 680 a
480 611 662 700 Portuno,
703 613 786 707 quoi
820 636 861 683 co
894 611 950 686 die
975 611 1077 685 aedes
1107 616 1145 686 iu

27 723 114 807 portu
137 709 306 782 Tiberino
333 710 426 782 sacta
452 721 486 784 ct
510 710 616 784 feriae
641 713 833 784 institutae.
966 711 1035 784 20.
1069 715 1143 788 Vi-

27 813 131 884 nalia
163 814 361 884 Rustica
398 811 562 886 dicuntur
593 824 673 884 ante
708 811 797 884 diem
828 813 936 888 xlv.
966 815 1206 896 llalentlaseoe

28 911 255 1010 Septembres,
284 913 379 1020 (1¹¹⁰ffl
403 924 478 986 tum
502 915 633 988 Veneri
657 913 813 986 dedicata
839 915 940 988 aedes
964 927 999 989 et
1024 920 1091 989 orti
1112 906 1200 990 ei—

27 1013 95 1088 deae
118 1015 299 1105 dicantur,
330 1040 372 1086 ac
398 1025 472 1086 tum
492 1014 582 1089 liunt
607 1015 719 1088 feriati
740 1015 891 1088 olitores.
947 1016 1144 1092 Consua·

28 1115 76 1186 lia
105 1115 196 1188 dicta
229 1142 249 1187 a
276 1115 414 1212 Conso,
453 1116 548 1214 quod
580 1127 654 1188 tum
687 1117 793 1188 seriae
817 1115 979 1215 publicae
1004 1121 1037 1190 ei
1062 1121 1141 1212 deo,

27 1227 53 1287 et
73 1220 108 1290 in
139 1220 234 1291 circo
260 1217 305 1290 ad
338 1243 433 1290 aram
459 1219 532 1290 eius
561 1215 605 1289 ab
630 1217 869 1291 sacerdotibus
892 1217 965 1291 ludi
990 1219 1042 1291 illi
1068 1225 1144 1318 qui·

27 1316 78 1390 bus
100 1321 252 1418 virgines
273 1317 425 1392 Sabinae
449 1330 581 1417 raptae.
635 1318 904 1394 vulcanalia
927 1346 949 1391 a
972 1321 1142 1414 Volcano,

27 1419 102 1516 quod
126 1424 159 1493 ei
191 1433 265 1494 tum
300 1419 405 1493 leriae
431 1433 466 1492 et
494 1419 589 1518 quad
620 1445 660 1493 eo
687 1420 742 1494 die
768 1420 918 1519 populus
951 1437 1016 1518 pro
1039 1449 1076 1495 se
1108 1425 1145 1496 iu

27 1522 124 1618 ignem
157 1522 319 1594 animalia
346 1516 481 1594 mittit'
634 1519 700 1595 21.
742 1521 1038 1620 Opecons'iv'a
1071 1524 1144 1596 dies

27 1621 58 1692 ab
80 1623 142 1696 dea
165 1623 246 1720 Ope
268 1615 445 1715 Consiua,
475 1625 600 1721 quoius
625 1625 662 1694 in
683 1624 795 1720 Regia
817 1627 1021 1716 sacrarium,
1049 1625 1144 1722 quod

26 1724 72 1794 ita*
93 1735 232 1816 actum,
267 1734 308 1797 ut
333 1752 374 1798 eo
399 1738 535 1822 praeter
558 1727 709 1824 virgines
736 1724 894 1799 Vestales
920 1736 954 1797 et
982 1727 1143 1800 sacerdo·

27 1835 76 1904 tcm
97 1825 280 1924 publicum
305 1828 451 1899 introeat
476 1852 591 1900 nemo.
645 1831 687 1898 Is
712 1854 794 1898 cum
821 1844 900 1917 eat,
933 1829 1143 1921 suffibulum

27 1927 98 1998 laut
124 1929 260 2000 lrabeat
284 1930 466 2025 scriptum.
504 1926 550 1998 ld
573 1927 700 2000 dicitur
721 1926 766 1998 ab
783 1926 953 2001 suffiendo
976 1940 1018 2000 ut
1034 1929 1206 2026 sublices

27 2029 184 2122 gaeulum.
221 2028 538 2103 Vortumnalia
560 2028 662 2101 adeo
679 2030 877 2104 Vortumno
897 2031 1023 2126 quoius
1040 2029 1145 2104 seriae

27 2138 94 2201 tum.
132 2129 283 2202 Octobri
305 2156 423 2202 mense
443 2129 765 2220 Meditrinalia*
781 2132 867 2223 dies,
893 2130 1008 2204 dietus
1033 2158 1053 2203 a
1074 2126 1161 2205 me?

28 2225 141 2324 dendo,
171 2231 270 2329 quod.
291 2232 440 2304 Flaccus
465 2231 593 2302 flamen
617 2232 791 2307 Martialis
817 2230 966 2324 dicebat,
995 2213 1072 2304 hoc*
1090 2235 1146 2306 die

26 2331 145 2404 solitum
168 2335 290 2404 viuum
315 2359 445 2404 novum
470 2343 627 2405 etvetus
651 2332 753 2405 libari
778 2344 812 2404 ct
838 2332 1014 2431 degustari
1038 2334 1145 2405 medi·

29 2436 158 2508 cementi
185 2460 291 2507 causa
300 2485 315 2554 Ι,
360 2432 454 2534 quad
489 2431 605 2507 facere
636 2433 750 2507 solent
783 2435 885 2505 etiam
918 2429 1013 2504 nunc
1046 2434 1146 2506 multi

104 2663 171 2729 20.
197 2676 310 2731 meam
327 2661 455 2746 neema]
478 2693 503 2730 e.
521 2677 547 2730 a.
565 2675 637 2730 xlv.
656 2675 715 2730 uei.
738 2675 922 2744 Septembres,
948 2682 977 2729 ut
1000 2682 1040 2730 eet
1064 2678 1090 2728 a.
1110 2677 1144 2730 c.

27 2743 87 2798 illati.
104 2751 230 2804 Amiteru.
250 2751 346 2802 Antiat.
367 2751 577 2818 capranicorum,
596 2753 622 2800 et
640 2749 709 2816 apud
727 2747 834 2800 Festum
853 2766 877 2816 p.
887 2752 946 2800 134.
965 2749 1084 2814 Lindem.
1110 2749 1148 2800 cie

28 2821 107 2879 paea.
119 2826 182 2874 2³7.
218 2821 288 2873 Hinc
305 2820 471 2886 corrigendos
487 2837 545 2873 csse
563 2820 663 2872 censuit
675 2820 836 2885 Augustinus
853 2821 977 2872 Varronis
996 2821 1080 2884 codd„
1100 2821 1145 2885 qui

27 2885 45 2935 in
54 2906 115 2958 seqq.
128 2902 192 2944 ante
208 2891 273 2942 diem
286 2893 356 2944 XII.
374 2891 476 2944 habent.
495 2893 575 2958 ldquc
593 2894 765 2943 necessarium
781 2890 863 2942 visum
877 2898 925 2944 est.
1035 2891 1145 2954 Veneri]
1236 2905 1245 2915 ‘

27 2954 80 3013 Hine
95 2965 197 3016 satiram
217 2963 382 3031 Menippeam
398 2965 541 3017 aVarrone
559 2963 708 3029 inscriptam
721 2977 793 3016 esset
829 2961 939 3013 Vinalia
958 2964 1017 3030 περὶ
1035 2957 1144 3029 depote-

28 3033 74 3080 σίων
90 3032 207 3102 (Fragm.
224 3039 319 3102 p.315.
335 3034 418 3102 Rip),
435 3036 536 3087 monuit
548 3034 674 3098 Scaliger.
790 3029 927 3098 dicantur]
943 3035 1011 3084 coni.
1048 3031 1144 3082 dieun-

29 3107 65 3148 τιν
81 3106 150 3157 codd.
259 3105 348 3172 fiunt]
368 3114 433 3155 aunt
452 3106 477 3158 b.
593 3101 749 3168 Consualia]
769 3119 793 3156 a.
812 3101 838 3153 (l.
857 3103 917 3154 Xll.
936 3103 995 3155 Kal.
1015 3103 1089 3170 Sept.
1108 3103 1143 3154 Κ.

28 3166 84 3224 Mea
100 3175 215 3230 Pincian.
234 3177 443 3245 capranicorum.
609 3172 781 3240 Volcanalia]
801 3189 824 3224 a.
842 3174 867 3226 d.
885 3173 919 3227 X.
938 3175 999 3227 Kal.
1014 3175 1088 3244 Sept.
1107 3174 1142 3226 K.

28 3235 215 3302 Maternum.
234 3248 443 3316 Capranicorum.
492 3263 501 3282 ·
524 3277 530 3290 ·

121 3362 172 3430 21.
202 3377 374 3446 Opeconsiua]
399 3376 564 3446 opeconsivia
585 3363 636 3432 Ha.
683 3377 890 3446 apoconsmaclue
906 3378 933 3431 b.
978 3377 1037 3430 Hae
1062 3376 1142 3428 feriae
1206 3415 1215 3422 -

31 3449 125 3501 statutae
149 3457 224 3504 eraut
249 3466 274 3502 a.
292 3448 317 3499 d.
336 3450 408 3510 VllI.
427 3450 486 3502 Kal.
505 3451 578 3518 Sept.
602 3450 636 3502 K.
655 3449 728 3502 Maff.
749 3450 965 3518 Gapranicorum,
994 3448 1142 3514 Allifanum,

29 3513 48 3564 ln
62 3521 145 3584 quibus
164 3527 205 3574 ast
222 3520 314 3572 OPIC.
340 3562 343 3569 .
428 3523 482 3588 Ope
499 3521 628 3590 consivia]
638 3522 671 3572 G.
709 3539 756 3589 ope
774 3521 902 3572 consilvia
920 3521 945 3573 b.
974 3518 1142 3586 opeconeivia

31 3593 77 3640 cett.
109 3591 174 3645 Illud
194 3593 282 3660 recepi
300 3597 407 3660 propter
424 3591 603 3658 Macrobium‚
628 3593 672 3658 qui
690 3594 746 3646 Sat
765 3592 817 3658 111,
835 3597 860 3644 9.
881 3591 955 3644 deam
974 3593 1054 3659 Opem
1073 3591 1142 3640 Con-

30 3657 107 3709 aviam
124 3664 196 3716 dixit.
309 3661 377 3726 ita*]
396 3664 462 3716 coni.
498 3663 556 3715 ideo
574 3663 649 3717 codd.
763 3663 845 3730 haut]
859 3663 959 3730 scripsi.
996 3670 1047 3710 aut
1065 3661 1140 3713 codd.

30 3723 90 3778 laud
105 3749 145 3799 vg.
181 3733 255 3806 qued
271 3735 338 3786 cani.
357 3733 483 3802 Scaliger.
640 3731 675 3783 ab
692 3733 824 3800 suffiendo
843 3734 887 3799 ut]
906 3733 972 3785 coni.
1008 3750 1041 3782 ne
1059 3731 1142 3798 ab(a

28 3797 102 3866 (itte.)
114 3805 242 3874 eufflendo
261 3805 336 3857 codd.
373 3814 407 3854 ut
424 3824 442 3854 a
460 3804 591 3872 suffiendo
609 3821 653 3871 vg.
690 3805 845 3872 Comparate
862 3805 942 3856 Festa
960 3819 981 3856 s.
994 3821 1017 3856 ι.
1032 3803 1140 3856 suffibu-

30 3865 135 3927 trusere
152 3877 265 3928 adducor
281 3882 310 3927 ut
328 3876 444 3941 credam,
470 3879 551 3928 maius
569 3879 650 3929 latere
667 3875 802 3940 mendum,
828 3881 854 3926 et
872 3876 909 3928 sic
926 3876 981 3927 iere
999 3875 1140 3930 Varronem

31 3943 159 4008 scripsisse:
184 3947 219 3996 Id
237 3947 338 3998 elicitur
356 3965 407 3998 nou
426 3944 461 3996 ab
479 3947 610 4014 sufflando
629 3947 677 3997 sed
693 3944 728 3996 ab
746 3945 935 4012 subfibulanelo
954 3955 986 3998 ut
1003 3944 1038 3996 ab
1056 3943 1140 3998 subli-

30 4013 101 4074 gssntlo
118 4016 322 4089 subligaculum.
446 4017 646 4085 Vortumnalia]
664 4017 869 4071 vortunaliatF.
904 4015 1093 4076 vortunnalia,
1112 4023 1142 4068 ut

31 4081 125 4152 vitetur,
142 4091 176 4142 G.
200 4089 418 4154 *Vortumualtm
442 4090 496 4141 sive
521 4088 697 4152 Volturnum,
726 4104 777 4155 quo
803 4090 904 4140 nomine
928 4087 954 4140 iu
979 4087 1142 4140 Kalendariis

31 4158 179 4226 appellantur,
194 4161 336 4228 agebantur
345 4178 369 4212 a.
378 4161 456 4216 avt.
471 4160 529 4212 Kal.
540 4162 614 4229 Sept.
627 4160 662 4212 K.
674 4159 746 4212 Mau
755 4160 864 4228 Caprea.
876 4158 992 4212 Pincian.
1004 4158 1074 4212 Allis.
1110 4158 1140 4209 ld
1172 4211 1178 4222 ,

31 4233 62 4274 ¹1¹0
74 4232 154 4295 movit,
173 4239 204 4283 ut
216 4248 255 4285 vv.
269 4233 327 4282 Oct.
339 4249 424 4284 merrae
439 4247 497 4285 cum
509 4247 580 4298 seqq.
592 4234 737 4298 iungeremr
755 4247 899 4298 quanquam
912 4238 939 4282 et
952 4229 1000 4283 hoc
1014 4231 1140 4300 displicet.

33 4290 66 4344 deo
85 4301 236 4370 Vortumue]
255 4313 383 4356 uorturao
403 4303 433 4357 F.
469 4303 650 4357 vertunnoG.
687 4301 742 4356 Sed
760 4301 806 4355 dee
824 4310 864 4356 est
882 4301 990 4356 in'Hab.
1079 4301 1140 4352 Me-

678 4401 701 4466 6
