2890 4820
227 1018 623 1133 nnan'nanro
679 1047 1019 1136 unrnours

3 1183 5 1232 l

3 1233 5 1360 l

3 1519 4 1524 ¹
64 1425 161 1559 luter
189 1495 315 1582 criticos
345 1505 487 1570 constat,
520 1495 721 1566 classicorum
751 1520 830 1585 quos
855 1505 971 1564 vocant
999 1497 1188 1586 scriptoram

3 1535 5 1642 l
61 1579 175 1644 nullurn
204 1581 371 1648 afflietiore
398 1581 578 1648 conditione
603 1583 644 1650 ad
673 1595 811 1650 nostram
834 1593 970 1650 aetatem
999 1585 1193 1670 pervenisse,-

61 1687 153 1750 quam
189 1669 340 1732 Varronis
382 1667 424 1732 de
461 1667 589 1753 Lingua
625 1670 739 1737 matina
778 1668 818 1733 ad
856 1667 1045 1733 Ciceronem
1082 1669 1189 1736 libros.

3 1807 5 1832 ᾖ
59 1749 163 1835 Huius
185 1752 232 1815 rei
252 1754 284 1816 in
306 1775 417 1818 causas
439 1753 512 1817 dum
534 1754 667 1840 inquiro,
691 1754 848 1820 adductus
863 1775 932 1817 sum
950 1754 982 1818 in
999 1753 1189 1842 opinionem,

3 1859 5 1924 l
59 1833 118 1899 iam
143 1835 315 1902 natalitiam
340 1837 426 1903 sidus
453 1860 553 1923 grave
575 1839 674 1906 fuisse
695 1842 742 1907 his
763 1839 866 1913 libris,
896 1837 960 1916 vel,
989 1851 1023 1905 ut
1048 1861 1066 1902 a
1091 1840 1189 1905 ertius

58 1918 185 2006 loquar,
207 1921 267 1986 iam
288 1933 355 1987 tum
375 1945 447 1988 oum
469 1926 601 2010 primum
623 1925 654 1990 in
675 1926 832 2014 pubiicum
852 1922 1031 2010 prodirent,
1054 1862 1190 2011 aliquam

57 2017 179 2090 partem
207 2006 348 2073 vitiorum
377 2032 433 2074 eos
461 2031 570 2073 secum
595 2011 719 2089 tulisse,
751 2012 862 2098 quibus
888 2029 973 2072 nnnc
1001 2008 1117 2074 frustra
1137 2029 1189 2072 re-

3 2141 4 2180 ,
57 2089 162 2155 media
185 2093 372 2176 quaerimus.
413 2093 527 2180 Itaque
549 2094 690 2160 criticam
713 2098 823 2162 borum
847 2093 999 2158 librorum
1018 2093 1190 2174 historiam,

3 2191 4 2194 ’
56 2197 150 2260 quarn
172 2177 203 2241 in
225 2179 288 2242 hoe
310 2179 471 2264 prooemio
494 2181 666 2262 enarrabo,
697 2184 737 2248 ab
759 2204 798 2246 eo
819 2180 887 2268 ipso
909 2191 1051 2266 tempore
1073 2178 1190 2259 ordiar,

3 2287 4 2317 r
57 2282 119 2345 quo
140 2258 183 2326 illi
204 2281 223 2325 a
243 2264 387 2330 Varrone
410 2265 621 2352 scriptisunt.

168 2397 211 2463 M.
240 2398 426 2465 Terentium
455 2403 651 2479 Varronem,
691 2399 827 2478 scimus,
871 2423 943 2466 cnm
978 2399 1190 2488 Pompeianas

55 2491 163 2568 partes
185 2496 217 2550 et
237 2483 270 2546 in
290 2484 443 2570 Hispania
465 2497 497 2550 et
518 2487 548 2550 in
571 2485 709 2552 Graecia
730 2497 857 2550 strenue
878 2485 1087 2564 defendisset,
1115 2498 1188 2573 post

56 2590 197 2652 pugnarn
220 2567 452 2646 Pharsalicam,
482 2593 564 2634 anno
593 2573 634 2638 ab
654 2571 695 2636 U.
713 2593 741 2634 c.
761 2569 900 2634 DCCVI
922 2571 1136 2650 commissam,
1167 2593 1187 2636 a

57 2655 200 2718 Caesare
229 2655 424 2739 ingratiam
452 2665 616 2742 receptum
643 2654 775 2720 rediisse
801 2654 832 2718 in
860 2656 1009 2740 patriam,
1038 2667 1133 2742 atque
1154 2653 1204 2720 in'

55 2760 187 2804 recessu
217 2738 354 2804 villarum
386 2736 620 2808 delitescentem
651 2741 741 2828 qnasi
775 2751 925 2821 renovato
955 2738 1059 2806 studio
1089 2741 1185 2806 literis

55 2834 157 2889 totum
178 2824 373 2890 incubuisse:
400 2848 459 2913 pro
481 2848 515 2889 re
539 2827 640 2892 ublica
662 2837 727 2892 tam
749 2825 853 2890 securi
875 2825 985 2905 animi,
1014 2839 1066 2904 ut,
1091 2826 1187 2890 Cice-

55 2930 134 2972 rone
162 2920 243 2974 teste
270 2909 332 2996 (ad
361 2910 454 2976 famil.
477 2910 494 2975 Ι
533 2911 629 2996 ,6.)‚
666 2911 698 2974 in
726 2909 996 2996 perturbatissime
1024 2911 1186 2976 etiamtum

56 2994 182 3059 civitate
204 3015 305 3081 prope
327 2995 411 3061 solus
434 2997 464 3060 in
488 3009 582 3082 portu
608 3018 679 3062 esse
701 2994 867 3060 videretur.
921 3001 968 3060 Ac
990 2996 1092 3060 statim
1116 3005 1187 3080 post

54 3079 192 3144 reditum
220 3077 262 3143 de
290 3079 398 3166 lingua
425 3081 540 3146 Latina
569 3080 726 3150 scribendi
755 3080 916 3146 consilium
944 3081 984 3142 ab
1013 3079 1188 3147 eoiniturn
1232 3086 1235 3092 '

56 3187 144 3243 esse,
175 3164 358 3250 intelligitur
387 3188 426 3230 ex
452 3166 584 3253 epistola
607 3165 749 3232 eiusdem
772 3162 935 3230 Ciceronis
965 3163 1026 3251 (ad
1048 3166 1186 3232 Atticum

54 3249 151 3332 XIII,
175 3247 245 3332 12.)
270 3272 351 3314 anno
374 3253 414 3316 ab
436 3252 476 3318 U.
493 3273 520 3315 c.
539 3248 681 3317 DCCIX
702 3250 837 3336 scripta,
864 3249 895 3313 in
917 3268 980 3334 qua
1000 3249 1050 3314 ille
1069 3251 1186 3316 Varro-

3 3357 6 3364 *
54 3356 145 3415 nem,
173 3333 330 3421 queritur,
359 3335 545 3400 iamdudum
567 3336 626 3400 sibi
650 3357 798 3421 magnam
820 3345 852 3400 et
876 3356 1009 3420 gravem
1036 3327 1189 3420 saporosi-¹

53 3445 150 3503 unctor
179 3419 406 3486 denunciasse:
447 3421 604 3486 biennium
637 3432 743 3486 autem
773 3419 994 3508 praeteriisse,
1033 3441 1105 3482 cum
1136 3418 1186 3483 ille

54 3505 295 3589 Καλλιππίδης
336 3503 470 3576 assiduo,
503 3527 598 3572 cursu
634 3507 773 3572 cubitum
812 3503 928 3570 nullum
971 3503 1186 3589 processisset.

56 3589 171 3655 Cicero
192 3600 298 3656 autem
314 3611 386 3657 cum
404 3613 440 3656 se
457 3591 519 3656 iam
537 3604 690 3679 parasset,
708 3604 743 3657 ut
762 3590 804 3656 ad
821 3589 855 3654 id
873 3586 960 3676 quod
978 3587 1026 3650 ille
1043 3586 1185 3668 misisset,

57 3673 222 3742 antidoron
243 3675 380 3742 relerret
403 3673 490 3761 αὐτῷ
510 3679 553 3765 τῷ
577 3680 684 3765 μέτρῳ
707 3678 763 3744 καὶ
784 3669 900 3754 λώϊον,
927 3672 952 3738 si
972 3672 1041 3737 fieri
1062 3677 1185 3761 posset:

55 3781 140 3823 nunc
162 3759 289 3826 oonsilio
313 3773 449 3839 mutato,
479 3775 681 3849 praevertere
710 3784 782 3826 eum
809 3761 871 3824 hoc
898 3779 1020 3842 genere
1047 3759 1186 3846 appella-

3 3887 4 3892 κ
54 3844 163 3924 tionis,
186 3868 290 3932 eoque
308 3846 377 3934 ipso
396 3846 699 3912 excita'revoluitut
718 3868 845 3911 cursum
863 3854 1045 3909 maturaret.
1089 3842 1216 3918 Quod.

55 3951 128 3992 curn
150 3930 206 3995 sibi
229 3934 461 4018 proposuisset,
485 3933 642 3998 transtulit
662 3931 703 3996 ad
722 3932 764 3995 M.
777 3929 962 4002 Terentium
978 3927 1188 4008 Academicos

53 4012 169 4094 libros,
191 4017 322 4083 aliorum
344 4028 437 4084 antea
458 4016 570 4082 honori
591 4017 780 4094 destinatos,
804 4013 847 4095 ita
870 4027 905 4080 ut
924 4037 980 4080 eos
1001 4036 1064 4078 non
1085 4013 1186 4080 solum

3 4098 94 4184 „ill
122 4097 326 4179 inscriberet,
356 4101 535 4169 sedetiam
563 4103 665 4191 ipsum
690 4101 783 4172 iniis
810 4099 990 4185 loquentem
1011 4097 1185 4164 induceret.

54 4181 118 4258 Qui
146 4186 374 4254 Ciceronianus
404 4188 507 4255 Varro
524 4187 566 4254 xiu
595 4185 759 4275 prooemio
793 4184 899 4272 primi
918 4185 988 4250 libri
1017 4176 1185 4270 (Academ.

54 4278 172 4354 poster.
189 4271 223 4350 I,
253 4273 290 4352 1,
318 4273 389 4358 2.),
421 4295 500 4338 cum
534 4273 627 4338 etiarn
659 4272 799 4349 Atticus,
843 4269 928 4355 quod
962 4269 1047 4336 illius
1072 4269 1186 4332 Musae

55 4353 171 4424 diutius
199 4357 342 4442 silerent,
372 4367 564 4446 conquestus
592 4371 694 4438 esset,
728 4377 789 4422 neu
814 4365 920 4435 tamer
942 4353 1026 4422 illum
1048 4373 1186 4432 cessare,

839 4465 893 4534 *2
