2864 4814
269 219 349 295 ΗΟ
640 245 760 286 nrrra
798 213 1031 286 surrruus.'
1085 271 1088 278 .

210 445 259 486 eso
391 409 562 504 Templa*
589 421 759 499 tescnque
789 429 845 474 rue
867 407 919 474 itu
943 416 1051 472 secreto
1073 403 1199 496 quood
1218 425 1285 494 ego
1306 415 1396 471 coste

214 503 258 512 ‘-
439 501 567 606 lingue
594 531 866 602 nrmcupnvero.
1068 507 1073 518 ‘

213 617 261 683 ²-⁹-¹
342 687 344 694 ,
395 624 479 695 oua
503 621 624 694 ceter*
645 617 770 708 orbos,
795 617 966 713 quinquie
989 629 1054 702 est,
1081 639 1192 710 quom
1213 637 1268 682 me
1288 617 1396 683 sentio

442 726 589 810 dixisse,
604 723 777 816 templum
793 736 999 812 tescumque
1006 716 1141 810 finito*
1155 718 1193 786 in
1204 716 1397 784 sinistrum.

389 837 475 908 Olla
500 843 619 906 veter*
645 833 770 921 cruos,
794 831 965 926 quinquie
984 842 1049 919 est,
1078 853 1187 921 quum
1211 851 1267 896 me
1289 831 1397 897 sentio

443 939 593 1023 dixisse,
606 937 780 1030 templum
794 947 1000 1025 tescumque
1006 929 1141 1022 finito*
1155 930 1215 1000 in*
1227 931 1397 1010 dextrum.

391 1049 497 1118 Inter
528 1073 573 1117 ea
606 1049 846 1141 conregione,
881 1045 1135 1137 conspicisne,
1169 1034 1397 1125 cortumionn

214 1127 264 1193 ²?ss
439 1163 551 1244 utque
576 1176 622 1220 ea
655 1152 858 1219 rectissime
892 1148 1001 1215 sensi.

181 1334 185 1344 .
229 1211 314 1346 829.
356 1276 400 1347 ln
426 1275 493 1349 hoe
517 1275 645 1375 templo
678 1275 841 1349 faciundo
872 1271 1012 1346 arbores
1048 1274 1212 1344 constitui
1237 1270 1327 1343 fines
1349 1295 1397 1366 ap·

273 1389 390 1473 paret,
419 1389 453 1451 et
477 1381 567 1450 iutra
593 1403 650 1452 eas
674 1380 856 1477 regiones,
891 1402 961 1472 qua
986 1375 1078 1447 oculi
1105 1375 1342 1472 conspiciant,
1369 1370 1397 1442 il

242 1490 327 1551 'est
357 1492 534 1571 tueamur,
575 1505 595 1551 a
631 1505 701 1576 quo
738 1478 954 1577 templum
987 1477 1117 1548 dictum
1151 1486 1187 1548 et
1218 1486 1397 1548 contem·

273 1581 419 1678 plere,
460 1592 500 1655 ut
525 1581 619 1680 apud
644 1583 799 1654 Ennium
824 1585 860 1653 in
885 1579 1031 1655 Medea:

371 1703 586 1799 Contempta
609 1720 644 1776 et
667 1708 840 1800 templum
861 1705 1009 1774 Cereris
1030 1705 1084 1772 orl
1102 1704 1246 1772 laevom
1265 1702 1399 1796 aspice·

275 1823 526 1919 contempla
565 1835 599 1896 et
640 1826 840 1921 conspicare
881 1821 971 1894 idem
1008 1847 1083 1892 esse
1119 1829 1286 1916 apparct3
1334 1816 1398 1888 ideo

218 1961 267 2030 ².⁹.³
278 1923 414 2020 dicere,
454 1935 527 2006 tum
550 1952 642 2030 ‘curn
673 1925 839 2024 templum
862 1924 970 2033 iacit,
1006 1948 1192 2021 augurem:
1230 1919 1397 2016 conspi-

277 2132 547 2200 annotaturum.
620 2135 741 2204 templu]
756 2136 901 2200 Turnebus,
919 2133 1065 2202 Scioppius.
1103 2131 1163 2185 Hoc
1180 2130 1334 2184 vocabulum
1351 2143 1397 2181 cun

278 2221 340 2255 casu
356 2204 517 2259 decurtatum
533 2213 611 2274 esset,
631 2207 688 2259 binc
706 2216 807 2273 ortum,
826 2207 894 2274 quod
914 2208 996 2258 estin
1015 2203 1104 2256 codd.:
1123 2204 1204 2266 item,
1222 2202 1301 2269 idque
1320 2199 1398 2252 deinde

278 2276 440 2328 coniunctum
456 2285 495 2330 est
509 2295 566 2331 cum
580 2281 764 2347 superioribus.
799 2279 921 2331 Lacunae
941 2277 966 2328 in
983 2277 1055 2328 bonis
1069 2275 1143 2328 codd.
1159 2276 1252 2326 nullum
1267 2273 1398 2338 vestigium.

272 2349 414 2418 'rescuqch
430 2348 575 2415 Turnebus,
594 2353 741 2420 Scioppius.
766 2359 889 2421 testeque
903 2349 978 2402 codd.
1057 2347 1192 2411 melcodd·
1219 2345 1254 2395 mi
1267 2344 1401 2398 Turnebus.

279 2419 324 2468 Me
341 2436 390 2485 pro
409 2418 473 2470 miti
492 2421 614 2474 dicebant
631 2423 751 2493 antiqui,
769 2421 864 2474 Festus
877 2440 902 2490 p.
912 2424 971 2474 104.
985 2425 1011 2472 et
1022 2423 1081 2470 175.
1094 2418 1211 2470 Lindem.
1328 2411 1399 2473 wife]
1414 2418 1415 2476 i

278 2490 405 2555 Scaliger.
442 2509 488 2544 eus
507 2503 534 2543 le
552 2494 652 2546 FGHa.
689 2513 747 2543 enm
766 2493 791 2545 b.
912 2491 1018 2559 lingue]
1036 2491 1161 2554 Scaliger.
1198 2487 1321 2557 linguam
1339 2482 1415 2542 coddw

279 2559 341 2608 Olla
359 2560 455 2625 verost]
473 2567 563 2633 scripsi
586 2582 644 2618 cum
662 2566 811 2630 Scaligero‚
843 2564 875 2616 ad
901 2557 1007 2616 Festum
1033 2565 1131 2629 pnes.
1149 2558 1267 2611 Lindem.
1313 2554 1415 2622 „undu

277 2631 378 2682 uuus.
398 2634 482 2686 om.b.
597 2636 731 2706 quiequirl
746 2637 837 2688 FGab.
875 2643 1017 2704 quur'quur
1030 2633 1064 2684 H.
1089 2631 1175 2683 Etiam
1189 2631 1264 2682 inira.
1290 2624 1415 2700 ᾳιιίνᾳιιῐῐ1

278 2717 326 2784 pro
344 2704 474 2770 quisquis,
498 2705 532 2756 ad
549 2707 701 2758 vocabulum
721 2706 835 2772 seminini
853 2707 956 2771 generis
974 2703 1129 2768 adhibitum,
1153 2704 1221 2754 inter
1238 2699 1400 2768 exemplant

257 2793 259 2798 ·
278 2775 455 2840 iuterrogativi
474 2779 629 2842 pronominis
647 2779 775 2828 communi
795 2793 891 2842 genere
905 2778 991 2844 positi,
1010 2790 1061 2841 quo
1076 2775 1204 2842 pertinent
1217 2773 1287 2840 apud
1304 2772 1399 2824 conice

279 2845 370 2909 poetas
389 2845 447 2908 quis
466 2854 493 2898 et
511 2849 625 2914 quisquis
645 2856 672 2901 et
688 2851 821 2914 quisquam
834 2855 861 2900 et
872 2849 965 2902 similia
977 2848 1010 2900 de
1023 2847 1172 2898 mulieribus
1187 2852 1319 2913 usurpata.
1353 2840 1399 2892 Nol

280 2915 365 2966 omisit
383 2914 431 2968 ltoe
450 2917 474 2968 J.
485 2919 517 2972 A.
529 2919 650 2986 Hartnng
667 2920 700 2971 de
719 2921 820 2971 casibus
839 2923 931 2987 p.14³.
1047 2935 1127 2987 quum
1146 2934 1185 2965 me
1201 2917 1288 2966 sentio
1307 2907 1399 2970 dixisse]

280 2987 320 3036 De
347 2984 395 3038 llas
420 2987 530 3041 formula
555 2997 583 3042 et
601 2992 633 3042 de
658 2992 779 3044 universo
803 2993 860 3043 loeo
887 2991 941 3042 dixi
964 2987 1062 3040 Rerum
1080 2987 1248 3040 Etruscarum
1266 2984 1399 3050 111‚s‚³·

280 3060 443 3128 tescumque]
461 3059 606 3114 Turnebus.
643 3072 744 3112 tectum
757 3062 875 3128 (textum
888 3061 938 3130 H.)
952 3078 1026 3130 quem
1042 3059 1115 3111 COdd·
1225 3057 1334 3125 finiffl'i
1347 3051 1398 3105 ⁰⁰⁰5·

275 3127 353 3196 sesto
371 3128 445 3182 codd.
479 3133 524 3186 Sic
538 3136 614 3186 etiam
629 3135 751 3187 inferiore
770 3135 836 3186 loco.
951 3129 1006 3181 clla
1022 3129 1120 3194 veter‘]
1133 3127 1236 3179 oiluner
1248 3129 1279 3181 F.
1316 3122 1399 3178 ollcbu

280 3216 304 3248 a.
341 3197 445 3250 ulleber
464 3203 498 3253 G.
541 3204 652 3257 ablutor
669 3207 694 3258 b.
723 3205 757 3258 H.
775 3221 825 3257 om.
842 3219 908 3270 qnae
925 3201 1010 3256 media
1027 3207 1087 3252 sunt
1104 3202 1172 3252 inter
1189 3201 1261 3268 prius
1278 3205 1307 3252 et
1323 3209 1399 3250 secul-

252 3269 342 3326 edum
360 3277 520 3342 tescumque.
648 3278 740 3348 quum]
759 3276 922 3328 scribendum
941 3275 1005 3338 luit,
1032 3288 1065 3323 ue
1083 3273 1255 3324 membrorum
1273 3269 1398 3338 aequalius

281 3341 436 3396 turbaretur.
473 3343 546 3414 quod
563 3346 639 3401 codd:
805 3347 968 3418 tescumque]
987 3344 1133 3395 Turnebus.
1169 3351 1270 3392 tectum
1289 3359 1361 3414 quern
1374 3337 1398 3386 G.

281 3431 358 3480 quem
375 3413 443 3466 Gab.
557 3415 608 3482 ἐπ’]
626 3435 669 3484 vg.
703 3435 752 3472 orn.
767 3419 842 3471 codd.
956 3418 1033 3466 Inter
1050 3415 1093 3479 eo]
1112 3415 1276 3481 Spengelius.
1313 3414 1399 3462 intereo

282 3483 357 3535 codd.
465 3553 470 3564 Ι
525 3490 689 3558 conregions]
709 3491 824 3543 Turnebi
842 3489 940 3552 codex,
958 3488 988 3539 F.
1009 3486 1068 3552 (sed
1086 3489 1112 3537 in
1131 3485 1180 3538 hoc
1198 3493 1274 3538 antea
1293 3485 1397 3548 scriplum

282 3561 337 3606 erat
356 3557 531 3626 concretione)
551 3565 577 3610 et
595 3561 619 3612 b.
638 3565 667 3612 ut
684 3563 792 3614 videtur.
829 3559 977 3630 corregione
992 3573 1015 3609 a.
1052 3575 1110 3607 cum
1128 3575 1142 3606 e
1161 3557 1267 3624 regione
1286 3559 1320 3609 G.
1354 3563 1399 3601 cun

282 3626 413 3695 cregtione
432 3627 467 3679 H.
597 3631 701 3702 utique]
720 3633 736 3683 i.
757 3649 781 3684 e.
799 3640 944 3701 utcunque.
980 3628 1058 3684 Quod
1076 3630 1138 3680 salis
1157 3628 1303 3680 detenditur
1319 3626 1399 3677 scrut·

281 3712 338 3748 rum
354 3697 468 3775 eiusdem
487 3701 622 3767 analogiae
638 3717 687 3754 usu
704 3704 820 3755 relativo.
858 3702 992 3770 Quemque
1011 3699 1132 3752 videritis
1150 3706 1177 3752 et
1195 3701 1286 3752 Similia
1304 3695 1398 3750 maxine

209 3829 211 3832 Ι
283 3768 386 3819 comicis
413 3775 439 3820 et
457 3772 625 3838 scriptoribus
649 3781 780 3826 extremae
803 3773 953 3828 Latinitatis
977 3769 1138 3838 frequentata
1162 3777 1235 3834 sunt3
1264 3769 1398 3842 quandoque

283 3855 330 3904 pro
353 3839 557 3908 quandocunque
575 3861 608 3897 ex
627 3847 737 3900 Horatio
762 3852 789 3898 et
811 3845 904 3899 Persio
922 3849 1010 3895 notum
1026 3849 1074 3896 est.
1145 3841 1297 3912 Ellipticum
1315 3831 1399 3893 diceus

283 3925 364 3974 genus
383 3911 492 3977 explana
509 3917 666 3983 supplendo:
686 3918 813 3986 templum
831 3933 915 3966 meum
927 3915 1008 3983 finio.

395 4006 425 4071 9.
459 4019 575 4072 nantum
598 4023 627 4084 u
648 4023 755 4092 ueste]
782 4023 867 4077 nolle
892 4026 923 4079 Ρ.
943 4025 975 4080 r..
993 4025 1038 4078 Sc.
1058 4026 1090 4089 V,
1115 4023 1136 4076 1.
1162 4026 1243 4092 pst.
1280 4021 1364 4085 susm·
1379 4014 1398 4061 ⁹·

282 4093 389 4144 Plenior
414 4095 485 4144 locus
512 4097 605 4158 poitae
630 4101 702 4146 extat
727 4098 795 4165 apud
814 4097 926 4149 Nonium
944 4112 965 4149 s.
984 4113 1007 4148 v.
1027 4096 1173 4163 contempla
1191 4114 1216 4164 p.
1226 4097 1287 4147 tro.
1305 4091 1398 4165 Mercu·

283 4163 431 4242 contempla
448 4163 486 4226 et]
507 4161 609 4222 Tritino
628 4162 749 4234 στιγμήν,
768 4184 843 4234 quam
863 4184 894 4220 ex
911 4168 984 4220 codd.
1004 4174 1131 4235 sumptam
1149 4166 1188 4218 lris
1206 4182 1245 4218 vv.
1265 4159 1398 4229 interposui

283 4234 454 4300 spongeum,
473 4237 572 4287 sustuli.
718 4238 794 4303 idern]
815 4241 879 4292 coni.
902 4240 1034 4292 Bentlnus.
1070 4239 1101 4288 id
1117 4239 1191 4291 codd.
1229 4237 1269 4288 De
1287 4234 1397 4303 permuta·

283 4307 354 4358 tione
373 4303 461 4356 lterum
480 4307 626 4360 vocularum
650 4323 672 4360 v.
692 4309 830 4364 Praelatio.
964 4319 1021 4362 tum
1040 4327 1098 4362 curn
1118 4307 1254 4378 templum]
1272 4301 1395 4360 Turnebus.
