2890 4820
469 282 733 326 autumnus.
825 262 843 308 ἑ
1107 276 1170 334 xnt

51 439 181 544 syllabae
202 458 261 526 pro
282 439 409 526 integro
430 438 556 507 nornine
578 437 678 540 accipi
706 448 861 527 poterunt⁴
902 439 1047 529 Denique
1064 442 1172 514 literas

50 526 194 612 singulas,
218 524 352 596 breviter
372 521 576 604 monendum,
599 523 698 592 omni
718 524 854 592 maxime
875 524 906 591 in
926 527 1013 594 initio
1036 533 1172 600 vocabu-

48 611 144 676 lorum
171 620 302 699 propter
330 608 465 678 eandem
493 607 613 676 literam
641 610 673 674 iu
694 610 758 676 liue
778 610 910 698 proximi
931 613 1073 700 positam.
1117 617 1173 684 stc

48 696 97 774 VI,
108 698 161 763 90.
182 694 275 782 quou-
291 715 349 782 pro
369 695 501 762 circum
516 716 645 760 moeros
666 696 819 782 scriptum
841 698 900 766 luit
922 698 1053 764 circum
1067 722 1172 780 ueros,

48 779 127 848 uude
149 780 270 847 factum
290 799 398 844 curas
419 795 452 848 et
468 800 567 859 arras,
597 791 630 846 et
649 781 828 846 accusavit
847 805 885 846 ro
913 805 972 847 unu
992 804 1050 870 pro
1069 808 1173 852 occu-

48 866 135 931 sooit.
151 865 324 952 Trogum:
346 864 437 951 larga
458 862 532 931 inde
553 886 698 933 errorum
718 885 815 950 seges
837 891 857 954 p
900 867 1004 935 ularit.

155 977 238 1042 Post
259 997 298 1041 ea
320 976 455 1064 quaein
475 976 560 1045 libris
581 975 754 1066 praeterita
773 987 863 1056 sunt,
894 982 1039 1046 tractabo
1066 979 1173 1046 locum

48 1059 85 1124 de
106 1059 329 1128 additamentis
350 1061 556 1150 quibusdam,
574 1063 705 1150 ,mnibus
733 1061 801 1125 iam*
815 1061 877 1128 anti
900 1065 1061 1135 uissimum
1087 1065 1173 1132 illum

45 1144 153 1212 librum
175 1145 380 1235 depravatum
404 1147 511 1226 fuisse,
533 1141 573 1210 ex
591 1147 736 1213 omnibus
754 1144 791 1211 iis
812 1085 1002 1234 intelligitur,
1024 1150 1077 1238 qui
1097 1149 1172 1216 indo

44 1232 222 1320 transcripti
251 1245 333 1300 sunt.
388 1234 466 1298 Hoc
494 1252 599 1318 genus
632 1231 707 1298 vitia
736 1228 834 1295 multo
861 1234 985 1318 saepius
1013 1236 1173 1302 voluntate

45 1317 264 1398 scribentium,
292 1337 387 1404 quam
410 1338 488 1384 casu
509 1317 668 1394 oriuntur,
696 1313 753 1382 sed
775 1314 933 1382 interdum
954 1328 1058 1383 tamen
1080 1320 1172 1386 etiam

46 1424 118 1468 casu
140 1402 346 1490 proveniunt:
368 1401 452 1468 velut
470 1400 497 1466 si
517 1400 661 1468 librarius
683 1399 781 1467 oculis
802 1399 843 1467 ed
863 1400 964 1467 similo
981 1403 1174 1470 ¹vocabulum
1271 1406 1274 1432 ¹

44 1486 72 1551 iu
100 1489 318 1576 superioribus
346 1486 603 1568 recurrentibus,
637 1496 674 1552 ut
703 1484 816 1552 eadem
848 1489 945 1552 verba
978 1487 1024 1554 bis
1046 1489 1173 1566 scribat,

43 1570 221 1655 inducitur,
258 1574 341 1639 sicut
372 1593 582 1658 praecurrens
620 1572 705 1638 risus
735 1571 812 1638 facit
842 1587 879 1638 ut
906 1571 1012 1640 media
1042 1572 1174 1640 omittat.

43 1657 134 1732 Quae
150 1682 223 1724 cum
244 1658 497 1746 frequentissima
512 1658 554 1725 sit
568 1655 710 1723 vitiorum
728 1678 841 1723 causa:
861 1654 937 1722 illud
950 1679 1014 1746 quo
1038 1681 1079 1724 ue
1098 1679 1173 1724 con·

43 1755 229 1810 sentaneum
249 1741 407 1810 interdum
428 1743 549 1809 lactum
570 1765 657 1822 esse,
679 1753 775 1828 atque
795 1743 950 1810 iuvenitur
970 1744 1001 1808 in
1016 1681 1072 1810 lois
1095 1744 1173 1810 loeis

42 1828 131 1909 VIII,
156 1829 208 1894 38.
236 1827 302 1908 IX,
323 1827 353 1894 3.
373 1828 426 1900 45.
448 1829 522 1917 (qui
541 1827 631 1894 locus
653 1828 716 1894 hoc
737 1827 882 1894 vitiorum
903 1849 1025 1916 genere
1044 1827 1172 1916 plurila

42 1913 117 1979 riam
142 1925 310 2000 corruptus
331 1913 435 1998 erat),
466 1926 500 1981 et
526 1913 557 1978 in
584 1912 716 2001 singulis
737 1913 901 1979 codicibus
922 1913 1017 1980 etiam
1037 1915 1172 2002 saepius,

41 2010 73 2065 ut
92 2000 127 2063 in
151 1999 302 2064 Gothano
322 1997 410 2072 VIII,
432 2000 463 2065 7.
522 1997 615 2066 Aliud
661 2018 738 2062 enus
759 1996 1062 2078 additamentorem,
1086 2001 1172 2087 quod

43 2082 157 2149 criticis
192 2084 267 2149 satis
302 2092 414 2148 notum
451 2104 556 2172 neque
588 2107 607 2148 a
635 2021 788 2151 Varronis
815 2082 901 2149 libris
939 2083 1074 2150 alienum
1105 2097 1171 2158 est,

44 2170 84 2232 ori
111 2169 198 2233 inem
227 2167 323 2235 trahit
344 2191 362 2234 a
384 2165 500 2255 duplici
521 2168 674 2248 lectione,
707 2169 739 2233 in
767 2190 862 2234 unam
891 2168 935 2234 ita
956 2171 1105 2249 confusa,
1135 2181 1173 2235 ut

45 2190 155 2320 eadem
174 2253 260 2320 notio
282 2253 329 2320 bis
353 2265 513 2320 recurrat:
539 2253 628 2320 cuius
647 2253 774 2340 generis
794 2254 866 2323 vitia
883 2275 1047 2320 removere
1065 2253 1171 2321 studui

44 2337 136 2418 VIII,
158 2340 211 2405 57.
241 2339 306 2418 ΙΧ,
329 2339 381 2404 58.
437 2338 504 2404 Sed
526 2339 621 2404 etiam
648 2359 667 2402 a
697 2337 790 2424 culpa
818 2337 1045 2423 glossematum
1074 2340 1171 2427 expli-

46 2424 172 2489 cationis
194 2423 243 2488 vel
265 2422 471 2487 correctionis
494 2444 592 2487 causa
614 2420 810 2486 adiectorum
830 2424 863 2486 in
884 2422 1072 2509 quibusdam
1093 2424 1170 2490 locis

45 2508 167 2574 liberari
197 2520 268 2572 non‘
283 2517 432 2596 poterunt
459 2507 479 2571 ii
507 2506 596 2587 libri,
629 2506 682 2594 qui
708 2516 869 2576 caeterum
899 2506 939 2570 ab
963 2507 1171 2593 interpolandi

47 2594 146 2660 studio
171 2593 272 2670 alieni,
293 2613 432 2679 eaquae
450 2592 568 2694 scripta
587 2601 687 2671 erant,
709 2589 840 2677 simplici
860 2588 925 2655 fide
947 2590 1169 2660 reddiderunt:

47 2679 127 2744 unde
148 2678 343 2764 intelligitur,
364 2676 496 2743 insiticia
516 2676 575 2756 rlla,
596 2699 680 2764 quae
701 2697 805 2763 pauca
826 2686 915 2755 sunt,
936 2677 1000 2742 iam
1021 2677 1118 2744 luisse
1139 2680 1170 2743 in

47 2764 256 2852 antiquissimo
276 2763 327 2828 illo
344 2763 465 2828 codice.
500 2761 539 2827 ld
560 2783 664 2848 genus
686 2763 881 2847 glossemata
902 2763 1102 2850 reperiuntur
1123 2763 1170 2830 bis

46 2848 133 2927 loeis,
179 2872 292 2915 uorum
337 2859 436 2916 artem
459 2847 649 2935 Spengelius
670 2845 732 2912 iam
754 2844 966 2927 indicaverat,
987 2848 1026 2927 V,
1039 2852 1090 2915 59.
1113 2851 1169 2929 VI,

47 2937 93 3002 69.
116 2874 188 3016 Vll,
205 2938 255 3002 17.
283 2872 371 3014 Vlll,
389 2937 439 3000 17.
454 2935 524 3014 77.,
546 2932 735 3020 quibuscum
757 2932 961 2997 conferantur
981 2932 1095 3000 similes
1114 2934 1169 3012 VI,

47 3021 93 3084 25.
113 3023 168 3090 83.
199 3039 232 3086 et
261 3042 378 3108 anceps
408 3017 458 3085 illa
481 3018 627 3106 quaestio
656 3016 698 3082 de
718 3015 867 3082 Cornelio
890 3017 1011 3082 Stilone
1034 3019 1072 3095 V,
1096 3017 1168 3084 148.

49 3115 136 3191 atque
157 3131 186 3173 r.
202 3103 397 3192 festidium
419 3126 476 3192 pro
498 3102 655 3190 cupedine
675 3101 853 3169 subiectum
872 3101 912 3179 V,
935 3102 1005 3167 146.
1051 3103 1170 3169 Verun-

48 3200 144 3255 tamen
166 3191 250 3254 lraec
269 3212 373 3276 pauca
394 3189 582 3256 emblemata
603 3199 670 3256 toto
699 3189 788 3251 caelo
809 3185 959 3253 differunt
981 3210 1001 3253 a
1022 3189 1169 3256 continuo
1223 3202 1225 3206 ’

48 3273 92 3338 illo
124 3273 319 3377 explicandi,
357 3273 561 3354 emendandi,
603 3271 747 3360 explendi
778 3269 900 3353 studio,
938 3271 1025 3362 quod
1057 3288 1169 3364 postea¹

49 3358 192 3426 Varronrs
212 3358 282 3424 libri
303 3360 446 3448 perpessi
467 3369 549 3425 sunt.

152 3472 315 3538 Locorum
334 3471 595 3574 transpositorum
612 3472 692 3538 duas
711 3495 822 3540 causas
840 3474 901 3538 iam
920 3469 1169 3545 memoravimus,

50 3555 173 3624 alteram
194 3558 344 3625 Varronis
372 3558 469 3645 ipsius
498 3579 591 3624 curas
621 3555 794 3636 secundas,
831 3557 962 3627 alteram
993 3554 1170 3636 fragmenta

50 3662 85 3706 ex
104 3653 191 3708 vasto
212 3643 263 3708 illo
286 3643 398 3709 horum
418 3642 569 3709 librorum
587 3643 755 3729 naufragio
777 3641 928 3728 singulari
950 3639 1014 3704 fato
1035 3650 1169 3716 servata,

50 3737 79 3790 et
102 3748 121 3791 a
147 3728 299 3808 librariis,
334 3727 446 3794 harum
473 3729 674 3818 reliquiarum
705 3726 966 3814 sospitatoribus,
999 3745 1060 3788 non
1087 3724 1169 3789 insto

49 3807 114 3876 loco
134 3814 282 3900 reposita.
326 3814 461 3880 Praeter
482 3815 564 3879 haec
582 3815 860 3898 transpositionum
879 3831 1010 3895 genera,
1033 3807 1170 3896 minores

49 3896 195 4045 ppasdam
215 3897 387 3986 indagasse
409 3899 482 3964 mihi
507 3899 631 3965 videor:
659 3899 699 3977 V,
720 3898 772 3963 44.
786 3897 839 3961 73.
859 3898 930 3962 100.
949 3894 1170 3973 141.-1Χ,68.

85 3985 180 4064 ,72.’,
208 3986 321 4072 quibus
344 3995 568 4051 commutatum
589 3981 716 4072 quidem
738 4004 809 4048 esse
828 3984 995 4046 verborum
1018 3977 1171 4058 ordinem,

52 4081 186 4152 apertum
209 4065 349 4152 videtur,
378 4091 476 4158 quare
496 4070 530 4135 id
552 4071 669 4136 l'actum
693 4068 750 4148 sit,
781 4089 843 4132 non
866 4089 967 4154 aeque
987 4076 1128 4153 apparet.

157 4172 202 4250 Ut
232 4196 354 4266 autem,
385 4182 531 4270 antiquus
558 4183 608 4248 ille
637 4179 740 4246 codex
766 4202 829 4270 qua
859 4180 953 4246 fuerit
981 4177 1172 4253 conditione,

53 4265 168 4346 penitus
191 4269 440 4357 perspiceretur:
462 4269 545 4337 scire
567 4291 647 4356 opus
669 4276 770 4347 esset,
791 4287 854 4352 quo
874 4267 1031 4332 literarum
1051 4285 1173 4352 genere

54 4349 180 4438 scriptus
210 4355 310 4422 luerit.
359 4360 406 4422 Ac
427 4353 593 4424 Niebuhrii
622 4353 746 4442 reperio
776 4350 874 4418 luisse
901 4348 1104 4427 seutentiam,
1131 4347 1171 4414 ab
