2890 4820
272 253 299 325 2
663 275 786 324 runnu
822 275 1018 338 ouranos.

375 435 415 510 2.
449 435 567 528 Quom
595 437 893 535 uniusquoiusque
920 435 1018 509 verbi
1045 445 1188 510 naturae
1209 437 1279 510 sint
1304 436 1405 530 duae,

273 568 293 612 a
319 566 388 640 qua
411 565 448 610 re
470 549 504 611 et
525 541 562 610 in
585 564 654 636 qua
676 563 715 610 re
737 537 946 612 vocabulum
967 540 1013 610 sit
1037 540 1236 636 impositum
1260 537 1405 639 (itaque,

273 670 293 715 a
318 669 388 740 qua
418 666 457 712 re
489 641 533 712 sit
565 641 818 738 pertinacia
848 664 954 738 quom
981 643 1177 738 quaeritur,
1217 641 1407 713 ostenditur

272 771 346 818 esse
372 771 392 816 a
418 742 673 839 pertendendo,
712 743 846 839 inqua
876 768 915 813 re
948 743 993 813 sit
1023 741 1243 840 impositum,
1282 742 1406 814 dieitur

272 873 377 943 quom
405 845 676 935 demonstratur,
715 844 752 914 in
773 869 843 942 quo
869 869 940 916 uon
965 842 1067 928 debet
1090 843 1248 941 pertendi
1273 854 1309 915 et
1328 869 1404 941 per·

271 948 402 1041 tendit,
444 947 668 1042 pertinaciam
697 971 774 1018 esse
786 973 797 1039 3
842 945 959 1043 quod,
993 946 1031 1015 in
1057 971 1128 1042 quo
1153 954 1309 1042 oporteat
1335 971 1405 1014 ma·

271 1076 373 1141 nere,
411 1050 442 1119 si
462 1049 499 1118 in
522 1073 563 1120 eo
583 1057 733 1144 perstet,
764 1049 1109 1144 perseverantia
1135 1045 1222 1148 sit):
1256 1048 1406 1145 priorem

271 1150 366 1222 illam
391 1159 546 1247 partem,
582 1148 664 1240 ubi,
697 1160 846 1246 queret
873 1143 964 1220 unde
991 1149 1061 1220 sint
1089 1147 1214 1239 verba,
1250 1158 1406 1219 scrutan-

271 1263 351 1344 tur,
392 1251 519 1323 Graeci
550 1262 676 1324 vocant
709 1247 988 1348 irvuoltuyiau,
1029 1250 1123 1321 illam
1154 1249 1298 1322 alteram
1327 1245 1409 1350 περὶ

271 1351 549 1450 σημαινομένων
559 1379 570 1446 3
608 1351 658 1423 de
689 1352 815 1450 quibus
849 1351 984 1424 duabus
1015 1350 1119 1423 rebus
1152 1352 1190 1422 iu
1222 1349 1278 1422 bis
1311 1347 1407 1422 libris

246 1458 467 1553 apromiscue
493 1453 629 1548 dicam,
669 1454 730 1526 sed
756 1453 880 1527 exilius
907 1454 950 1526 de
975 1454 1177 1551 posteriore.
1228 1517 1238 1522 -

217 1641 263 1712 „13
372 1610 413 1682 5.
444 1608 546 1700 Quae
571 1608 649 1681 ideo
676 1621 759 1682 sunt
783 1609 1004 1704 obscuriora,
1039 1612 1133 1711 quod
1158 1635 1272 1709 neque
1297 1613 1406 1683 omnis

271 1714 445 1811 impositio
463 1710 649 1784 verborum
667 1722 772 1802 extat,
800 1713 894 1808 quod
909 1723 1060 1786 vetustas
1078 1712 1246 1811 quasdam
1261 1713 1404 1804 delevit,

271 1839 336 1886 uec
362 1839 451 1912 quae
476 1821 591 1904 eistat,
627 1814 701 1883 sine
726 1813 851 1885 mendo
877 1815 988 1887 omnis
1012 1816 1191 1912 imposita,
1229 1839 1294 1887 nec
1319 1838 1406 1912 quae

271 1926 364 1989 reete
395 1927 450 1988 est
483 1915 665 2012 imposita,
711 1925 836 1986 cuncta
865 1927 981 1988 manet
1017 1913 1145 2017 (multa
1178 1918 1270 1989 enim
1303 1914 1406 1988 verba

269 2018 379 2096 literis
404 2019 622 2090 commutatis
649 2026 732 2087 sunt
756 2015 998 2118 interpolata),
1036 2044 1149 2117 neque
1171 2019 1285 2091 omnis
1311 2019 1405 2113 orig'o

219 2132 264 2202 (s)
274 2131 326 2191 est
350 2130 488 2193 nostrae
513 2117 651 2215 linguae
672 2143 691 2190 e
716 2119 911 2192 vernaculis
936 2118 1073 2215 verbis3
1111 2132 1145 2192 et
1170 2119 1276 2191 multa
1303 2118 1405 2191 verba

170 2286 173 2292 .
269 2221 364 2293 aliud
404 2245 498 2292 nunc
538 2219 748 2313 ostendunt,
793 2221 887 2292 aliud
930 2231 1009 2293 ante
1054 2221 1318 2321 significabant,
1370 2228 1406 2289 nt

269 2321 439 2416 bostis,
476 2348 557 2394 nam
582 2332 656 2393 turn
687 2347 728 2394 eo
748 2321 854 2396 verbo
884 2322 1047 2395 dicebant
1073 2325 1314 2422 peregrinum,
1350 2321 1434 2418 qui*

268 2428 341 2498 suis
376 2423 512 2524 legibus
548 2434 724 2517 uteretur,
764 2450 859 2497 nunc
894 2426 1017 2498 dicunt
1050 2451 1151 2518 eum,
1199 2450 1303 2523 quem
1335 2434 1406 2494 tum

268 2526 433 2599 dicebant
462 2526 687 2624 perduellem.
919 2525 960 2598 d.
1000 2529 1057 2599 In»
1074 2553 1145 2625 quo
1173 2551 1303 2625 genere
1331 2550 1404 2596 ver·

267 2625 392 2699 borum
420 2639 480 2707 aut
509 2652 591 2697 casu
619 2629 686 2696 erit
712 2627 880 2698 illustrius
907 2629 999 2700 uude
1024 2629 1134 2700 videri
1159 2628 1269 2728 possit
1284 2629 1404 2726 origo,

268 2728 349 2814 iude
378 2738 546 2825 repetam.
606 2727 661 2798 lta
689 2723 765 2798 lieri
800 2740 958 2825 oportere
990 2741 1151 2828 apparet,
1190 2727 1285 2827 quod
1314 2738 1407 2826 recto

219 2854 354 2925 gressu
389 2855 494 2926 quom
533 2829 680 2900 dicimus
709 2831 853 2927 impos
886 2829 1068 2904 obscurius
1102 2842 1155 2904 est
1187 2857 1262 2904 esse
1291 2855 1406 2929 aupo·

269 2933 396 3032 tentia,
432 2956 537 3030 quam
568 2955 673 3029 quom
698 2930 847 3012 dicimus
878 2935 1111 3030 impotem3
1148 2943 1183 3006 et
1210 2957 1252 3006 eo
1280 2932 1404 3006 obscu-

383 3123 413 3187 2.
436 3139 719 3212 uniusquoiurqueffi.
751 3139 961 3211 uniuscuiusque
979 3146 1040 3194 cett.
1084 3139 1202 3210 Quoius,
1228 3138 1305 3210 quoi,
1331 3156 1405 3210 quom

270 3223 380 3277 ponam,
404 3212 449 3261 ubi
472 3228 537 3264 uuus
561 3213 639 3264 modo
663 3212 786 3264 obtulerit
810 3212 893 3264 bonae
916 3218 992 3265 uotae
1010 3214 1084 3265 liber.
1165 3209 1358 3280 pertendendo]
1367 3225 1404 3274 vg.

266 3279 397 3349 pertendo
424 3282 516 3346 codd,
548 3284 627 3348 idque
651 3286 742 3352 reponi
766 3285 821 3336 volt
844 3285 967 3352 Spengel.
993 3300 1017 3351 p.
1028 3287 1090 3335 661.
1128 3283 1163 3334 At
1188 3285 1256 3336 solet
1273 3284 1359 3336 Varro
1383 3283 1405 3331 iu

271 3351 417 3405 derivandis
435 3354 520 3405 verbis
537 3354 675 3406 ablativum
691 3372 748 3407 cum
767 3372 856 3424 praep.
873 3356 905 3406 ab
923 3356 1047 3422 iungere:
1074 3351 1108 3402 ab
1126 3372 1206 3424 equo,
1230 3371 1248 3403 a
1266 3351 1406 3422 spiciendo,

271 3425 319 3475 nisi
342 3439 401 3476 cunr
426 3425 608 3476 nominativum
632 3428 672 3476 vel
697 3429 839 3494 praesentis
863 3427 971 3493 primam
995 3441 1131 3494 personam
1156 3425 1276 3477 adbibere
1301 3439 1404 3478 necesse

271 3503 320 3548 est·
356 3495 455 3548 Eadem
474 3502 514 3548 est
533 3497 660 3548 sententia
677 3498 711 3547 G.
724 3499 797 3563 Pupe
823 3516 848 3565 p.
860 3501 903 3550 48.
968 3496 1118 3565 pertendit]
1127 3497 1202 3548 codd.
1235 3497 1405 3565 pertenditur

270 3568 338 3620 coui.
357 3568 517 3620 Vertranius.
554 3568 609 3620 Sed
625 3568 709 3620 Varro
732 3570 835 3635 saepius
858 3568 943 3620 verbis
968 3569 1058 3620 activis
1082 3569 1119 3620 sic
1143 3568 1238 3632 utitur,
1265 3571 1295 3618 ut
1312 3569 1405 3619 nullam

271 3637 349 3688 addat
373 3655 518 3705 personam.
565 3639 596 3690 lu
620 3654 692 3705 seqq.
722 3637 747 3704 si
773 3640 802 3690 in
829 3657 858 3689 eo
884 3648 996 3706 perstet.
1041 3639 1094 3704 Vl,
1120 3643 1165 3691 55.
1186 3637 1309 3708 fallacia
1339 3653 1405 3709 quae

268 3717 412 3776 propterea
434 3711 505 3781 quod
521 3709 612 3781 fando
631 3727 706 3781 quem
726 3707 838 3777 decipit,
865 3720 1011 3761 decontra
1031 3729 1112 3780 quam
1132 3709 1203 3760 dixit
1221 3709 1326 3780 saciat.
1364 3713 1403 3760 73.

170 3811 174 3820 ι
270 3796 330 3845 spes
356 3804 391 3820 -
415 3781 487 3852 quod
511 3791 571 3832 tum
596 3791 689 3848 sperat
717 3799 795 3850 quum
820 3780 892 3850 quod
916 3782 973 3832 volt
992 3781 1059 3849 fieri
1081 3791 1176 3849 putat.
1221 3781 1262 3833 Cf.
1287 3781 1321 3844 V,
1348 3782 1405 3831 176.

271 3850 324 3914 Vl,
341 3855 384 3903 tr.
450 3851 577 3920 priorem]
604 3853 655 3906 Hic
678 3859 801 3921 punctum
820 3852 962 3906 tollendum
981 3860 1045 3905 erat.
1081 3853 1153 3905 Idem
1171 3853 1264 3905 suadet
1282 3854 1317 3903 G.
1334 3852 1404 3918 Pape

188 3971 197 3984 „
271 3938 297 3988 p.
309 3925 352 3972 42.
434 3923 555 3991 quor]G.
592 3941 640 3976 cur
664 3930 742 3988 cett,
779 3924 827 3976 nisi
853 3925 963 3989 quoda.
990 3923 1031 3976 hic
1057 3930 1083 3976 et
1107 3923 1203 3989 ubique
1229 3942 1309 3994 quur.
1354 3919 1404 3974 Sed

270 3991 354 4045 Varro
376 3994 420 4045 vix
442 3995 496 4045 ullo
518 3995 542 4046 in
562 3996 642 4047 verbo
661 4015 678 4046 u
703 4001 887 4048 consonantem
906 4003 933 4048 et
950 3998 1065 4048 vocalem
1091 3995 1127 4046 ita
1147 3995 1288 4059 commisit,
1316 3999 1347 4046 ut
1364 3993 1405 4044 itta

270 4065 453 4130 praecederet,
479 4063 542 4118 baec
565 4073 731 4134 sequeretur,
759 4067 828 4134 quod
848 4084 880 4119 ne
905 4069 980 4121 fieret
1004 4067 1162 4131 antiquiores
1183 4067 1295 4118 Romani
1319 4064 1404 4116 multi-

268 4134 353 4258 r'podps
376 4137 510 4190 cavebant.
556 4137 630 4206 Quor
653 4139 713 4192 boni
737 4138 797 4192 libri
819 4137 914 4191 babent
941 4139 1005 4204 vll,
1023 4142 1095 4190 2.·3.
1113 4142 1175 4190 109.
1201 4137 1401 4202 vl11‚as.at.

303 4245 312 4272 ,
346 4245 354 4260 .

382 4285 413 4352 ‘l-
442 4305 530 4375 quom]
554 4266 650 4358 retinui
675 4321 708 4358 ex
733 4321 775 4372 vg.
814 4325 890 4378 quem
912 4307 1034 4371 FGabc.‚
1066 4323 1136 4377 quae
1159 4305 1195 4359 H.
1237 4305 1270 4358 V.
1288 4303 1321 4358 de
1347 4316 1403 4372 per-

271 4379 412 4454 mutatione
429 4375 568 4432 formarum
586 4376 750 4431 relativarum
762 4379 902 4433 Praelatio.
951 4396 1001 4446 pos
1020 4376 1174 4449 significare
1189 4375 1283 4449 potius
1298 4383 1403 4444 pontem
