2866 4812
244 215 325 290 ldt
618 243 739 288 urnas
775 243 992 292 sarsinas.
1022 199 1024 210 ‚
1093 237 1101 248 ‘

346 400 415 476 56.
448 407 490 477 V
486 403 628 474 orsitus
640 430 733 502 qnos
750 409 840 516 olim
852 411 979 480 Fauni
998 423 1169 505 vatesque
1189 413 1384 485 canebant.
1422 401 1423 458 f

185 523 392 627 {qs-Fauni
426 522 481 594 dei
512 521 741 616 Latinorum,
780 528 827 598 ita
859 539 898 600 ut
928 529 1072 602 Faunus
1098 542 1134 602 et
1164 530 1287 601 Fauna
1315 533 1382 625 sil3

13 695 21 700 ,
126 671 133 708 r
245 624 310 695 hos
341 624 522 716 versibm,
562 650 651 722 quos
688 639 815 700 vocant
849 629 1052 723 Saturnios,
1092 635 1137 709 iu.
1165 632 1386 705 silvestribus
1422 679 1423 686 .

243 725 333 829 locis
365 725 529 806 traditum
566 738 618 798 est
649 727 770 802 solitos
808 731 894 802 fari¹
920 732 1064 825 futura,
1114 755 1135 805 a·
1168 759 1237 830 quo
1272 732 1383 806 fando

243 827 423 900 Faunos
450 827 573 901 dictos.
627 826 806 928 Antiquos
830 842 947 930 poetas
971 845 1097 907 vates
1119 834 1348 934 appellabant
1366 863 1387 906 a

243 927 404 1002 versibus
422 929 570 1023 viendis,
594 941 633 1003 ut
655 930 712 1003 de*
727 937 894 1030 poimatis
909 961 988 1006 cum
1002 936 1165 1030 scribam,
1186 937 1383 1010 ostendam.

346 1063 415 1137 57.
452 1069 618 1163 Corpore
643 1073 677 1140 T
673 1074 846 1142 cartorino
863 1087 1055 1166 prognata
1071 1075 1223 1144 Paluda
1240 1075 1385 1169 virago.
1420 1091 1423 1114 ‘¹

246 1185 491 1261 Tartarino
520 1187 651 1261 dictum
675 1215 695 1260 a
721 1190 887 1264 Tartaro.
939 1191 1046 1265 Plato
1067 1193 1104 1262 in
1129 1200 1294 1290 quattuor
1320 1191 1384 1263 uu-
1422 1233 1423 1236 π

245 1390 273 1441 iu
294 1406 366 1443 suum
384 1407 439 1445 rem
457 1399 636 1447 converterat:
668 1389 754 1464 ἄνδρα
781 1389 899 1462 αὐλητήν
926 1389 1018 1446 ἰδόντα
1042 1361 1121 1461 tzade
1145 1397 1170 1446 in
1195 1395 1231 1465 τῇ
1257 1389 1384 1464 θαλάσσῃ

246 1457 343 1514 αὐλέειν
362 1483 384 1515 κ.
399 1483 424 1516 τ.
439 1463 462 1517 λ.
482 1466 580 1530 1,141.
616 1466 656 1519 Cf.
675 1467 793 1519 Lindem.
812 1467 845 1518 ad
864 1468 970 1525 Festum
990 1485 1015 1534 p.
1024 1472 1084 1520 676.
1216 1467 1384 1530 narrandae]

220 1534 344 1614 'scripsit
383 1536 570 1604 quaerundae
588 1554 612 1590 a.
650 1555 699 1609 que
719 1538 788 1588 unde
807 1556 821 1587 e
840 1538 865 1591 b.
903 1537 1082 1614 quaerendae
1100 1486 1216 1605 (estH3
1230 1543 1293 1590 cett.
1311 1537 1382 1590 codd.

360 1642 412 1708 36.
445 1658 583 1727 Versibus]
602 1662 700 1714 Versus
724 1678 772 1730 per
795 1676 841 1712 ora
863 1661 1016 1725 multorum,
1043 1660 1175 1712 Ciceronis
1199 1660 1329 1724 maxime,
1353 1661 1383 1713 ad
1422 1675 1423 1678 ’

247 1745 294 1781 nos
315 1731 442 1797 perlatus3
468 1747 545 1796 quem
564 1732 665 1783 Merula
682 1733 754 1784 initio
767 1733 826 1784 Vll.
845 1732 980 1783 Annalium
996 1732 1055 1783 libri
1069 1732 1163 1799 posuit.
1199 1731 1275 1782 Ennii
1292 1733 1382 1784 Annal.
1422 1777 1423 1780 ,

248 1819 274 1868 p.
289 1805 332 1852 89.
352 1800 432 1854 E.-S.
552 1804 691 1870 vatesque]
711 1806 748 1856 sic
767 1804 863 1868 legitur
879 1802 948 1870 apud
968 1803 1129 1856 Ciceronem.
1166 1811 1194 1851 et
1212 1809 1272 1854 ante
1291 1813 1383 1853 vates-
1422 1839 1423 1852 .

248 1890 299 1942 que
317 1872 415 1924 addunt
434 1870 557 1923 Varronis
576 1873 652 1927 codd.
804 1873 846 1922 dei
863 1873 1034 1938 Latinorum]
1055 1873 1132 1936 Hunc
1150 1875 1273 1927 Varronis
1300 1876 1382 1926 locum

248 1942 327 1996 habet
345 1945 451 1996 Servius
469 1942 503 1994 ad
520 1943 594 2010 Virg.
614 1945 753 2010 Georg.I,
774 1947 816 1996 11.
836 1963 861 2012 p.
874 1948 934 1996 lta.
954 1944 994 1996 ed.
1013 1945 1089 1998 Liou.
1152 1961 1161 1980 ·
1243 1945 1291 2012 sit]
1312 1945 1380 1998 Hah.
1422 2001 1423 2010 q

248 2021 278 2066 ut
296 2016 403 2066 Seruius
421 2018 438 2066 l.
452 2014 468 2064 l.
505 2013 544 2063 sio
563 2016 596 2066 G.
633 2017 689 2066 sint
706 2016 737 2067 F.
858 2014 976 2084 futuro]
995 2015 1122 2083 assumpsi
1141 2031 1175 2066 ex
1192 2017 1293 2068 Servio.
1331 2033 1380 2086 om.
1422 2021 1423 2084 3

249 2086 325 2139 codd.
362 2085 401 2137 De'
420 2084 501 2150 Fauni
516 2091 543 2136 et
560 2087 665 2138 Faunae
684 2087 793 2138 oraculis
812 2087 896 2138 omnia
914 2091 982 2138 nota.
1115 2087 1144 2151 α]
1162 2103 1204 2152 vg.
1238 2103 1288 2138 om.
1308 2089 1380 2140 codd.
1422 2097 1423 2100 ’

249 2165 333 2226 atque
346 2157 412 2207 «inde
434 2171 484 2225 pro
504 2175 555 2225 quo
572 2157 663 2226 fando
682 2159 750 2226 apud
769 2159 887 2209 Servimu
906 2165 953 2210 est.
1081 2155 1136 2222 ἅθ’]
1154 2159 1240 2210 addidi
1257 2159 1380 2211 suadente

177 2263 180 2268 -
250 2229 406 2296 spargetis,
426 2227 586 2295 approbante
604 2230 773 2293 Doederlin0‚
792 2231 889 2292 Synon.
908 2235 935 2280 et
952 2228 1040 2292 Etym.
1057 2229 1088 2280 V.
1101 2229 1149 2282 Ill.
1169 2235 1246 2296 pto.
1283 2231 1379 2282 Varro-

249 2301 290 2350 nis
310 2299 340 2348 de
355 2298 488 2368 poteratis
507 2299 597 2351 libris
616 2301 732 2354 charisio
750 2301 866 2369 pluribus
886 2301 951 2352 locis
970 2299 1129 2351 adhibentur.
1179 2299 1220 2352 Ad
1239 2299 1285 2352 hos
1302 2303 1379 2368 igitur
1422 2351 1423 2360 ,

250 2370 330 2422 libros
355 2372 467 2438 scriptor
491 2373 669 2436 quaestionem
688 2373 720 2424 de
738 2380 826 2437 etymo
851 2388 875 2423 v.
894 2370 968 2422 votis
986 2385 1053 2423 nunc
1073 2373 1164 2423 reiicit.
1201 2372 1320 2424 Alidem
1339 2379 1378 2424 ta·

249 2458 309 2494 meu
327 2444 462 2510 superiore
479 2442 538 2493 loco
558 2443 610 2508 VI,
629 2449 672 2496 52.
692 2444 725 2497 de
743 2444 842 2510 origine
860 2443 1014 2494 vaticinandi
1040 2441 1128 2493 dicens
1151 2441 1300 2495 addiderat:
1329 2443 1381 2494 Sed
1422 2441 1423 2462 ³

250 2511 282 2562 de
306 2513 356 2564 itoc
376 2523 441 2581 post
466 2513 518 2562 erit
545 2515 742 2582 usurpandum,
773 2533 850 2584 quom
876 2513 907 2562 de
928 2515 1018 2580 poetis
1044 2513 1166 2566 dicemus.
1209 2515 1316 2566 Scilicet
1333 2514 1379 2566 hoc
1422 2517 1423 2522 ’

251 2586 309 2651 ipso
327 2587 386 2637 loco
404 2585 438 2636 de
457 2600 488 2635 ea
507 2588 659 2650 quaestione
678 2587 793 2638 dicturus
812 2591 883 2648 erat,
903 2601 960 2636 cum
980 2585 1046 2635 alter
1063 2583 1121 2636 huic
1140 2585 1178 2636 rei
1196 2587 1282 2651 aptior
1299 2587 1323 2636 iu
1342 2586 1378 2637 his
1422 2625 1423 2686 q

251 2656 325 2708 libris
344 2656 429 2707 nullus
447 2660 571 2706 recurrat.
608 2657 700 2724 ltaque
718 2659 795 2710 etiam
815 2655 864 2707 hoc
883 2661 922 2708 est
941 2657 1006 2708 iuter
1024 2655 1179 2707 documenta
1197 2657 1378 2709 inconstantiae
1422 2703 1423 2732 q

250 2727 375 2778 Varronis
393 2733 421 2779 et
438 2726 524 2794 operis
542 2725 575 2776 de
594 2726 625 2779 L.
638 2729 669 2784 L.
689 2745 739 2780 nou
758 2730 833 2796 plane
852 2727 970 2780 absoluti.
1008 2725 1038 2778 In
1056 2728 1101 2778 illo
1120 2727 1153 2778 de
1172 2730 1298 2795 poematis
1315 2729 1377 2781 libro
1422 2741 1423 2792 l

250 2802 324 2848 vates
343 2814 361 2846 a
378 2797 406 2847 vi
423 2797 518 2847 rorentis
535 2796 618 2848 dictos
637 2799 771 2867 scripsisse
788 2798 904 2862 videtur,
927 2813 1004 2863 quam
1022 2798 1217 2864 originationem
1235 2801 1377 2853 aVarroue
1422 2797 1423 2856 ἶ

251 2874 372 2937 repetunt
383 2869 488 2922 Servius
507 2867 614 2921 addela.
625 2869 676 2936 III,
694 2873 754 2922 443.
770 2888 794 2937 p.
802 2873 863 2920 226.
882 2869 922 2920 ed.
933 2869 1011 2921 Lion.
1032 2875 1058 2920 et
1074 2868 1188 2921 IsIdorus
1204 2869 1296 2938 OrIgg.
1307 2872 1375 2936 vlu,

252 2943 279 3003 7,
298 2943 326 2990 3.
345 2958 370 3008 p.
383 2943 445 2992 265.
463 2940 580 2994 Lindem.
617 2939 710 3008 quue
728 2943 778 2994 iam
797 2940 918 3004 tendunt,
944 2957 1009 3006 quae
1028 2942 1162 3007 superlore
1180 2943 1246 3006 loco,
1264 2943 1375 3007 Ἧ,52η

254 3009 288 3061 de
304 3028 405 3062 vesona
423 3020 508 3061 mente
528 3011 687 3065 dicebantur.
724 3011 760 3064 Et
778 3009 949 3078 suspicabitur
967 3012 1075 3063 sortasse
1093 3013 1184 3078 aliquis
1199 3015 1276 3069 etiam
1294 3013 1332 3068 bio
1346 3015 1376 3066 de
1422 3005 1423 3074 Ϊ

253 3080 282 3133 vi
298 3081 393 3132 nuntia
411 3083 535 3150 scriptum
554 3081 633 3136 luisse
651 3091 758 3154 propter
776 3084 801 3135 id
819 3082 887 3150 quod
907 3084 989 3136 estin
1008 3083 1049 3135 b.:
1079 3083 1199 3150 appellet
1223 3101 1242 3133 a
1268 3085 1374 3135 mendis:
1422 3123 1423 3152 .

155 3145 157 3152 '
232 3150 299 3218 'sed
315 3159 535 3220 apertumtameu
554 3161 602 3224 est,
621 3157 721 3208 mendis
738 3160 888 3224 corruptum
905 3170 962 3207 esse
981 3171 996 3209 e
1015 3153 1127 3208 aiendis.
1234 3155 1375 3224 ostendam]
1422 3205 1423 3224 ,

251 3239 294 3294 yg.
331 3222 465 3292 offendam
482 3225 557 3278 codd.
1422 3225 1423 3260 i

285 3363 293 3371 ν
364 3322 418 3390 37.
451 3341 572 3409 Corpore]
598 3341 699 3394 Probus
723 3341 757 3393 ad
782 3342 854 3409 Virg.
879 3341 936 3396 Ecl.
955 3343 1007 3408 VI,
1032 3346 1078 3395 al.
1096 3339 1180 3394 haeor
1212 3341 1274 3392 Hoc
1299 3341 1333 3408 (i.
1354 3357 1374 3394 e.
1422 3311 1423 3332 ³

254 3407 394 3478 spiritum)
412 3410 490 3462 illum
509 3413 540 3479 (i.
554 3429 577 3464 e.
597 3414 677 3479 aera)
702 3423 729 3462 et
753 3414 891 3466 Ennius
916 3411 1064 3484 appellavit
1081 3412 1110 3466 in
1128 3410 1283 3466 Annalibus
1299 3412 1375 3482 (apud
1422 3469 1423 3482 χ

254 3481 383 3537 Menelaos
400 3484 428 3550 Ι,
446 3487 490 3536 24.
509 3502 535 3552 p.
545 3491 570 3536 t.
589 3482 623 3535 E.
641 3483 700 3546 S.)·r
1422 3487 1423 3492 ’

422 3575 533 3642 Corpore
553 3574 683 3623 Tartareo
697 3582 835 3642 prognata
849 3571 951 3641 palude
969 3573 1078 3644 virago,

422 3643 492 3714 Quoi
511 3661 565 3712 par
583 3641 664 3694 imber
682 3653 709 3693 et
727 3643 812 3714 ignis,
836 3643 950 3712 spiritua
968 3655 996 3694 et
1008 3643 1106 3716 ,gravia
1126 3653 1216 3704 terra,-

254 3734 272 3786 i.
285 3748 308 3787 e.
326 3734 368 3786 cui
386 3736 494 3801 aequale
512 3735 596 3788 iuerat
616 3741 737 3802 quattuor
754 3736 938 3788 elementorum
956 3741 1194 3803 temperamentum.
1238 3735 1335 3788 Dictum
1352 3735 1376 3786 id

255 3810 318 3872 puto
341 3805 374 3856 de
398 3806 518 3872 Pallade,
547 3824 563 3858 a
587 3808 705 3860 Pallante
728 3806 826 3865 Terrae
849 3807 903 3858 filio
927 3823 961 3859 ex
979 3810 1064 3874 Styge
1083 3806 1245 3874 (Tortarino
1264 3807 1374 3874 corpore)

255 3882 396 3943 prognata,
414 3878 570 3945 eademque,
596 3894 643 3946 per
665 3879 752 3932 Iovem
778 3886 805 3930 et
827 3877 976 3944 Neptunum
1001 3887 1180 3948 parnassum,
1208 3879 1283 3930 etiam
1301 3893 1376 3943 aquae

256 3953 282 3997 et
299 3949 366 4012 ignis
385 3952 412 4000 et
429 3951 495 4000 airis
514 3951 646 4017 participe.
691 3950 788 4017 Scripsi
807 3949 839 4001 de
858 3949 905 4000 liae
923 3951 1029 4002 Pallade
1047 3953 1192 4017 nuperrime
1210 3949 1236 4000 in
1254 3965 1376 4002 commen·

224 4016 228 4025 “
255 4019 353 4070 tatione
380 4019 412 4070 ad
437 4021 568 4074 Romanos
592 4021 778 4088 Hyperboreos
804 4022 960 4074 transmissa.
1004 4022 1127 4074 Ceterum
1153 4024 1264 4089 priorem
1281 4037 1375 4072 versum
1422 4073 1423 4084 ¹

254 4089 351 4140 rectius
368 4091 436 4143 tradi
453 4092 480 4142 in
498 4094 570 4144 libris
586 4089 730 4156 Varronis,¹
749 4099 865 4160 apertum
884 4097 931 4144 est.
1054 4092 1175 4159 Paluda]
1187 4094 1322 4156 Αἰγίοχος,
1346 4107 1376 4144 ex
1422 4091 1423 4094 ’

255 4159 379 4210 Varronis
395 4169 489 4216 mente.
534 4164 631 4216 Contra
647 4181 665 4214 a
682 4164 816 4216 Tritonide
839 4164 932 4232 palude
956 4165 993 4216 sic
1014 4163 1109 4216 dietam
1133 4170 1225 4233 putant
1246 4163 1375 4214 Turnebus

209 4263 210 4269 .
255 4236 282 4282 ct
300 4228 488 4297 Vosa'jlnstttt.
507 4235 580 4288 orat.
599 4235 646 4300 IV,
663 4239 714 4299 10,
732 4241 757 4288 3.
778 4254 802 4305 p.
814 4239 873 4288 168.
1024 4235 1136 4301 dictum]
1156 4235 1226 4286 dicto
1243 4235 1267 4286 b.
1307 4234 1375 4283 clieta

222 4323 232 4348 r
255 4309 316 4354 cett.
361 4301 415 4354 Sed
439 4303 469 4356 F.
494 4305 599 4361 videtur
619 4307 730 4360 haberer
763 4325 781 4357 a
809 4310 925 4360 Tartaro
952 4303 1059 4359 dictum.
1098 4307 1197 4359 dictura
1223 4307 1304 4360 onitu
1326 4307 1375 4360 volt
