2866 4812
262 233 345 310 208
678 264 798 310 trouu
835 263 981 312 nouus.

153 514 155 522 ‚
262 420 419 525 partibus
453 421 619 522 siugulis,
656 424 819 524 deinceps
852 423 1074 525 expediemus
1100 425 1141 496 ac
1166 423 1307 524 singula
1334 427 1403 496 cri·

263 531 378 618 mina,
405 549 495 623 quae
519 524 640 599 dicum
663 528 702 598 in
726 528 923 627 analogias,
954 527 1141 611 solvemus.
1257 523 1329 598 57.
1360 527 1404 598 In

262 655 334 726 quo
362 625 645 720 animadvertito,
681 643 806 702 natura
839 627 1100 728 quadruplicem
1126 653 1204 700 esse
1235 626 1403 718 formam,

262 732 308 805 ad
340 755 446 828 quam
481 729 519 799 in
553 728 760 803 declinando
796 731 1050 804 accommodari
1088 727 1236 802 debeant
1269 728 1402 801 verba:

204 831 358 932 amquod
392 827 515 902 debeat
543 827 684 905 subesse
707 858 764 905 res
797 856 886 929 quae
910 833 1128 930 designetur,
1166 841 1202 903 et
1226 842 1266 902 ut
1292 833 1340 902 sit
1367 857 1406 902 ea

202 929 319 1009 “res
344 935 381 1004 in
406 957 494 1025 usu3
531 942 565 1004 et
586 944 626 1004 ut
647 934 746 1006 vocis
768 945 890 1007 natura
916 959 956 1006 ea
983 935 1049 1025 sii,
1075 957 1163 1030 quae
1188 931 1240 1003 id*
1266 932 1405 1030 siguifi-

263 1033 389 1126 cavit,
408 1043 450 1106 ui
478 1032 646 1107 declinari
675 1037 808 1132 possit,
847 1048 883 1122 et
914 1033 1104 1112 similitudo
1135 1033 1268 1132 figurae
1304 1031 1404 1106 verbi

261 1137 372 1212 nisit
395 1159 458 1228 ea,
495 1159 585 1232 quae
609 1161 653 1207 ex
677 1162 716 1210 se
740 1136 911 1210 declinata
944 1161 1055 1236 genus
1086 1135 1235 1233 prodere
1266 1147 1402 1206 certum

260 1240 384 1339 possit.
499 1233 570 1309 33.
605 1235 688 1327 Quo
713 1263 872 1342 nequeqa
896 1250 1019 1312 terra
1043 1245 1156 1310 te'rrus
1181 1246 1221 1308 ui
1245 1235 1399 1327 dicatam,

261 1336 505 1439 postulandum
530 1348 604 1430 est,
643 1339 737 1436 quod
769 1350 891 1412 natura
923 1364 995 1412 uon
1023 1336 1162 1430 subest,
1203 1339 1306 1410 utin
1332 1336 1400 1410 liou

262 1444 408 1515 alterum
432 1440 555 1532 maris,
582 1439 727 1512 alterum
748 1440 896 1514 l'emiuac
918 1440 1041 1514 debeat
1060 1465 1151 1512 esse.
1196 1438 1259 1512 sie
1286 1464 1401 1537 neque

190 1619 193 1626 ,
260 1554 419 1718 propte}
439 1567 565 1712 usum,
589 1544 868 1716 ΙυῑᾶΤενθηῗυε
900 1542 1073 1719 qipqiliapt
1103 1567 1246 1712 unum,f
1277 1540 1400 1714 plureq

262 1670 385 1838 aiii}
397 1668 837 1818 ¹¹12..¹'⁰3„3·„:¹¹i”2sn
853 1671 920 1817 ..2.
939 1668 1191 1843 iiiiii&
1209 1667 1337 1841 niqui
1362 1669 1400 1815 dt

263 1845 411 1920 dicimus
442 1841 490 1914 ab.
522 1844 709 1916 Terentius
744 1847 970 1939 Terentium,
1004 1849 1056 1918 sio
1084 1844 1334 1944 postulandum
1362 1856 1399 1916 ui

203 1948 470 2027 lasiucliuemus
503 1942 547 2015 uh
578 1940 618 2018 Α
647 1958 683 2018 et
707 1946 763 2039 B,
801 1945 896 2046 quod
928 1973 999 2020 uon
1032 1949 1145 2020 omnis
1176 1973 1245 2019 vox
1275 1958 1398 2019 natura

263 2049 369 2124 habet
400 2046 604 2119 declinatus.
793 2043 862 2120 59.
903 2048 1028 2148 Neque
1059 2050 1096 2119 in
1127 2048 1240 2121 l'orma
1272 2049 1396 2122 collata
1427 2093 1428 2096 =

264 2148 499 2252 quaerendum
525 2148 659 2240 solum,
698 2150 783 2246 quid
807 2148 934 2225 lrabeat
962 2153 1000 2222 in
1028 2149 1142 2249 ligura
1166 2149 1300 2243 simile,
1337 2149 1398 2223 sed
1427 2139 1428 2228 J

89 2272 91 2280 ’
204 2256 366 2332 sataliam
387 2275 637 2347 nonuunquam
661 2251 712 2322 in'
726 2277 788 2343 eo,
826 2277 929 2349 quem
954 2249 1081 2326 habeat
1108 2253 1281 2326 ellectum.
1337 2251 1397 2325 Sic

211 2348 355 2430 ”euim
379 2352 460 2425 laun
484 2349 668 2424 Gallicana
700 2365 735 2426 et
762 2353 907 2452 Appula
933 2352 1069 2427 videtur
1092 2355 1251 2456 im'perito
1275 2354 1397 2426 similis

263 2465 405 2556 propter
437 2455 609 2553 speciem,
650 2480 730 2526 cum
761 2457 894 2552 peritus
927 2453 1108 2554 Appulam
1140 2465 1233 2528 emat
1267 2455 1393 2554 pluris,

265 2556 360 2656 quod
393 2558 431 2627 in
462 2581 529 2628 usu
560 2555 694 2627 firmior
725 2558 783 2628 sit.
824 2557 950 2629 'llaec
983 2582 1078 2629 nuuc
1111 2558 1254 2630 strictim
1288 2557 1394 2650 dicta,

265 2660 437 2757 apertiora
461 2656 546 2727 flent
566 2655 670 2727 infra.
705 2657 894 2756 *Incipiam
918 2656 1015 2730 hinc.

199 2787 256 2878 29
366 2776 436 2852 40.
474 2773 582 2869 Quod
612 2764 759 2875 rogant,
793 2802 837 2851 ex
866 2804 935 2878 qua
967 2789 1066 2878 parte
1097 2787 1254 2878 oporteat
1286 2778 1397 2851 simile

262 2905 341 2958 esse
374 2878 540 2970 verbum,
576 2875 621 2949 ab
652 2901 739 2950 voce
768 2902 814 2949 an
840 2880 1112 2980 significatione,
1148 2879 1396 2978 respondemus

260 3010 282 3058 a
303 3008 413 3078 voce,
441 2979 503 3055 sed
520 2989 634 3052 tamen
658 3005 906 3080 nonuunquam
929 2986 1128 3082 quaerimus
1149 2991 1275 3084 genere
1299 2985 1395 3054 simi-

260 3087 352 3180 liane
384 3087 475 3175 siut,
517 3107 607 3179 quae
642 3081 903 3181 significantur,
946 3111 987 3158 ac
1020 3112 1147 3161 nomeu
1182 3084 1282 3158 virile
1316 3110 1395 3156 cum

260 3187 354 3274 virili
379 3185 609 3276 conferimus,
649 3183 796 3258 feminae
821 3209 901 3258 cum
926 3187 1106 3281 muliebri,
1143 3212 1214 3259 nou
1239 3185 1395 3286 quodid

114 3332 122 3342 .
224 3347 227 3358 .
260 3288 356 3390 quod
379 3283 579 3388 significant
601 3310 724 3380 voces,
754 3299 990 3387 commoveat,
1027 3289 1090 3376 sed
1113 3286 1209 3388 quod
1233 3314 1394 3361 nonnun-

260 3473 261 3480 ¹
372 3472 425 3540 37.
448 3497 481 3540 ut
498 3489 585 3542 sites
602 3487 690 3543 resin
707 3489 771 3558 usu]
789 3489 827 3541 sit
844 3509 895 3547 om.
912 3494 990 3548 GHs.
1016 3493 1240 3558 cs.§3⁸.etso.
1331 3491 1392 3560 id‘]

259 3561 356 3616 addere
373 3575 480 3615 necesse
497 3559 582 3614 habui.
618 3560 741 3615 Redeunt
759 3562 940 3635 quadmplices
957 3565 1006 3619 hae
1024 3567 1097 3632 leges
1115 3564 1291 3629 analogiarum
1302 3561 1339 3629 X,
1351 3569 1391 3616 83.

253 3632 377 3704 figurae]
395 3633 495 3702 scripsi.
525 3632 624 3704 figura
643 3631 719 3686 codd.
748 3631 781 3684 ci.
800 3637 825 3698 s.
836 3641 879 3692 39.
989 3635 1089 3708 possit]
1108 3635 1253 3688 emendavit
1269 3637 1391 3703 Augusti-

258 3719 315 3758 nus.
347 3713 496 3774 possenna.
528 3713 645 3774 possunt
664 3709 726 3758 cett.
745 3704 821 3758 codd.

370 3794 422 3861 38.
444 3808 519 3880 saba
543 3821 571 3864 et
590 3810 691 3883 sabas]
716 3812 818 3882 Nempe
842 3812 916 3878 laba,
942 3817 971 3868 ut
988 3813 1043 3868 leus
1061 3821 1087 3868 et
1105 3771 1175 3868 cicer
1192 3820 1220 3867 et
1236 3813 1287 3867 alis
1304 3812 1390 3868 huius-

258 3881 344 3948 modi,
361 3880 486 3952 sipgulari
503 3897 610 3937 numero
625 3884 659 3938 de
674 3885 733 3938 cibo
746 3885 807 3939 inde
824 3892 915 3954 parato
928 3885 1056 3938 scribitur.
1083 3885 1123 3938 Cf.
1135 3885 1170 3951 X,
1180 3889 1223 3939 04.
1312 3885 1391 3937 sinuli

259 3955 323 4020 usu]
342 3955 408 4008 coni.
426 3955 584 4024 Spengelius
601 3955 710 4010 Emeud.
730 3957 804 4010 Varr.
824 3975 849 4025 p.
862 3960 905 4010 10.
949 3955 1064 4009 similius
1081 3956 1157 4011 codd.
1199 3953 1333 4011 similibus
1349 3973 1389 4024 vg.

369 4051 422 4120 39.
447 4065 493 4122 su
509 4067 578 4124 emm
594 4067 671 4140 tana]
696 4072 737 4127 cf.
756 4072 822 4126 urm
838 4071 894 4139 1x,
912 4075 956 4126 aa.

187 4193 191 4202 ’
319 4149 322 4157 ¹
369 4169 421 4234 40.
442 4183 521 4254 Quod
536 4185 646 4257 rogant]
663 4187 743 4253 vni,
760 4191 818 4240 4⁰0·
892 4189 1034 4258 ωαψς.
1070 4207 1158 4242 uocem
1171 4190 1248 4246 codd.
1335 4190 1388 4242 dis-

258 4251 341 4306 simili
358 4254 481 4324 sinaitis]
494 4257 561 4311 coni.
579 4259 679 4327 scripsi.
716 4258 852 4312 dissintilis
869 4261 943 4314 Pes.
979 4260 1121 4314 dissimiles
1138 4263 1173 4316 Η.
1304 4261 1332 4314 in
1349 4263 1387 4314 η’

258 4325 351 4392 simili]
370 4327 435 4382 coni.
469 4327 638 4382 indissimiles
655 4329 728 4384 Fila.
773 4330 909 4386 dissimilis
926 4334 960 4386 G.
