2864 4814
260 195 317 272 50
403 153 405 158 v
657 219 778 266 araur
811 215 1004 284 cururus.

264 411 356 485 aqua
389 384 518 484 positas
553 380 602 455 ibi
632 382 849 479 potissimum
883 377 1059 452 habebant
1087 379 1126 450 iu
1154 377 1282 452 culina.
1338 373 1401 450 Ab

263 515 306 562 eo
338 489 441 560 etiam
474 509 568 558 nuuc
601 495 682 558 aute
713 483 889 556 balineum
922 482 1023 554 loeus
1056 478 1118 552 ubi
1152 482 1237 580 poni
1269 478 1403 555 solebat

264 591 445 663 urnarium
476 598 631 662 vocatur.
691 587 841 659 Uruae
879 583 1017 676 dictae,
1061 581 1156 680 quod
1191 585 1335 656 uriuaut
1367 585 1403 654 in

99 771 103 784 ¹
265 717 356 791 aqua
391 689 582 764 haurienda
616 699 655 760 ut
685 690 854 761 urinator.
904 687 1119 759 Uriuare
1149 694 1202 756 esi
1225 685 1337 784 mergi
1368 686 1404 756 iu

201 813 406 892 (emaquam.
537 789 632 863 127.
670 788 927 863 lmburvom
947 787 1068 860 fictum
1091 785 1135 858 ab
1161 813 1273 879 urvo,
1309 785 1404 884 quod

265 898 314 969 ita
335 895 465 966 flexum
489 904 530 966 ut
553 893 674 965 redeat
697 919 835 965 sursum
861 917 1006 985 vorsus3
1044 899 1085 961 ut
1109 889 1145 960 iu
1169 899 1283 962 aratro
1310 888 1404 987 quod

202 1033 249 1076 131
266 1007 319 1070 est
350 1021 487 1069 urvom.
557 994 692 1068 Calix
719 1021 741 1066 a
778 993 899 1086 caldo,
938 991 1033 1090 quod
1057 993 1093 1062 in
1121 1015 1163 1064 eo
1197 989 1296 1062 calda
1327 990 1404 1087 puls

211 1087 252 1102 '-
269 1095 507 1198 apponebatur
539 1108 575 1170 et
601 1096 740 1170 caldum
765 1122 807 1171 eo
837 1093 1015 1167 bibebant.
1078 1092 1153 1166 Vas
1183 1091 1244 1164 ubi
1278 1116 1404 1189 coque·

267 1200 353 1272 baut
386 1197 526 1295 cibum,
563 1197 608 1271 ab
641 1224 683 1273 eo
716 1196 962 1272 caccabum
994 1193 1223 1294 appellarunt.
1285 1195 1405 1269 Veru

266 1329 288 1374 a
309 1301 494 1376 versando.

205 1437 260 1515 28
393 1433 487 1508 128.
534 1430 596 1507 Ab
632 1434 786 1510 sedendo
820 1434 1012 1536 appellatae
1046 1433 1199 1527 sedes,
1241 1431 1403 1526 sedile,

269 1540 458 1628 solium,
501 1536 668 1631 sellae,
709 1538 1049 1638 seliquastrum.
1110 1533 1248 1610 Deinde
1280 1534 1404 1608 abbis

268 1639 566 1714 subsellium:
606 1651 646 1713 ui
672 1638 852 1739 subsipere
878 1639 972 1738 quod
998 1667 1069 1712 uon
1089 1638 1191 1738 plaue
1214 1639 1323 1736 sapit,
1357 1639 1406 1708 sic

271 1740 366 1841 quod
397 1767 468 1812 nou
500 1740 604 1838 plane
629 1753 703 1813 erat
729 1742 836 1834 sella,
875 1739 1091 1814 subsellium.
1157 1738 1230 1813 Ubi
1255 1743 1293 1812 iu
1319 1742 1405 1811 aius·

270 1843 366 1918 modi
391 1842 483 1935 duo,
513 1840 754 1915 bisellium
777 1844 923 1915 dictum.
977 1833 1118 1935 Arc‘a,
1147 1841 1242 1941 quod
1267 1867 1406 1914 areeau·

207 1957 329 2032 mtur
354 1944 451 2017 liures
477 1942 521 2016 ab
548 1969 589 2016 ea
613 1943 743 2016 clausa.
797 1942 1047 2034 Armorium
1072 1949 1108 2018 et
1133 1955 1406 2018 armamenta-

214 2047 258 2057 *
272 2050 387 2121 rium
411 2045 455 2118 ab
474 2046 596 2119 eadem
622 2048 775 2146 origiue,
811 2046 873 2118 sed
896 2045 1067 2120 declinata
1088 2034 1200 2118 aliter.

209 2210 264 2288 29
390 2199 484 2275 129.
524 2201 729 2278 Mundus
762 2200 1006 2277 muliebris
1037 2204 1152 2277 dictus
1181 2227 1203 2274 a
1228 2187 1428 2274 munditia*

272 2303 476 2380 Ornatus
500 2306 600 2403 quasi
626 2302 670 2376 ab
696 2331 756 2379 ore
781 2315 903 2399 uatus,
942 2304 1026 2379 binc
1051 2307 1143 2378 euim
1165 2330 1327 2378 maxume
1355 2331 1409 2376 su·

272 2409 380 2482 mitur
411 2407 507 2504 quod
530 2433 607 2481 eam
638 2405 771 2480 deceat.
833 2406 957 2506 Itaque
982 2398 1040 2482 ob
1060 2407 1097 2480 id
1122 2417 1264 2505 paratur
1288 2431 1408 2504 specu-

272 2510 362 2582 lum.
412 2508 766 2603 Calamistrum‚
805 2509 900 2608 quod
933 2509 990 2582 his
1023 2509 1200 2582 calefactis
1231 2509 1409 2580 incinere

275 2611 423 2710 capillus
454 2622 610 2682 ornatam.
672 2610 745 2701 Qui
769 2635 810 2682 ea
834 2610 1071 2704 ministrabat,
1106 2637 1131 2683 a
1156 2612 1271 2682 cinere
1297 2611 1409 2682 ciue·

274 2713 426 2782 rarius
449 2722 504 2782 est
524 2711 731 2809 appellatus.
785 2712 1166 2806 Discerniculum‚
1192 2737 1262 2810 quo
1284 2709 1410 2784 discer-

276 2814 370 2884 nitur
397 2811 556 2912 capillus.
610 2813 802 2904 Peucen,
827 2814 922 2911 quod
947 2840 1011 2915 per
1035 2841 1115 2888 eum
1139 2813 1335 2911 explicatur
1356 2837 1410 2884 ca·

125 2971 156 2984 ,,
218 2927 271 3002 123
279 2913 396 3014 pillus.
451 2907 690 3014 Speculum
715 2939 737 2986 a
762 2915 961 3014 spaciendo,
989 2916 1084 3016 quod
1104 2915 1154 2989 ibi
1177 2941 1215 2988 se
1241 2925 1427 3018 spectaui.

278 3137 399 3200 cunctor
411 3105 493 3191 codd.
519 3143 623 3208 praeter
640 3137 666 3191 b.
685 3137 728 3204 qui
748 3146 780 3188 at
799 3139 814 3188 ε’
830 3145 919 3191 nator.
955 3136 1043 3191 Etiam
1061 3139 1088 3190 iu
1105 3138 1234 3207 prioribus
1252 3155 1268 3190 o
1283 3153 1365 3208 supra
1383 3137 1411 3190 ti·

277 3215 360 3276 terum
378 3227 397 3262 u
415 3210 443 3261 iu
462 3209 574 3262 urinant
591 3211 716 3278 seriptum
733 3215 774 3262 est
791 3211 818 3262 iu
835 3209 871 3262 H.
883 3225 901 3276 ς·
922 3217 950 3264 et
967 3211 994 3262 iu
1011 3212 1177 3278 sequentibus
1195 3209 1301 3264 oriuare
1319 3226 1344 3265 a.

392 3321 464 3387 127·
493 3335 650 3402 imburvom]
668 3338 769 3406 scripsi.
814 3337 934 3406 impurro
959 3337 1034 3391 FGu.
1077 3337 1207 3408 impuram
1223 3339 1260 3393 Η.
1289 3331 1410 3409 'impuro

278 3410 316 3462 ita
336 3413 366 3460 ut
384 3427 401 3458 u
421 3423 500 3476 supra
517 3427 532 3459 0
550 3410 674 3476 scriptum
690 3411 738 3473 sit,
756 3409 782 3461 b.
817 3407 949 3459 imburum
967 3426 1009 3476 vg.
1052 3409 1204 3464 Imburvom
1223 3409 1317 3465 eodem
1340 3411 1412 3464 modo

281 3481 452 3549 compositum
471 3496 529 3536 esse
547 3481 663 3544 videtur,
693 3495 745 3545 quo
767 3479 856 3532 imbuo
875 3485 903 3532 et
920 3483 1053 3534 comburo.
1220 3483 1300 3548 urvo]
1315 3483 1412 3550 'scripsi

281 3551 348 3604 urbo
366 3551 443 3606 codd.
564 3551 671 3614 vorsus]
681 3550 707 3603 b.
743 3569 837 3603 versus
855 3556 919 3603 cett.
1045 3560 1078 3603 ut
1096 3551 1138 3619 in]
1155 3569 1199 3620 vg.
1233 3562 1276 3605 est
1294 3553 1324 3604 in
1342 3553 1412 3605 codd.

281 3624 385 3689 arvom]
404 3624 504 3691 scripsi.
541 3639 637 3674 arvum
653 3621 756 3674 FGHa.
792 3639 873 3674 avum
891 3621 917 3674 b.
977 3677 979 3682 ,
1045 3625 1122 3692 veru]
1141 3641 1185 3691 vg.
1221 3641 1287 3677 vera
1305 3624 1383 3678 codd.

394 3735 466 3800 128.
483 3749 591 3816 solium]
611 3750 770 3818 Augustinus
787 3766 869 3817 marg.
888 3764 922 3801 ex
940 3748 1014 3802 libro.
1051 3767 1144 3801 sevum
1154 3749 1229 3804 FHu.
1266 3750 1370 3804 sosium
1383 3752 1412 3803 G.

282 3835 334 3874 om.
351 3819 379 3873 b.
545 3822 750 3893 seliquastrum]
767 3839 810 3889 vg.
847 3819 904 3872 silli
922 3829 1046 3872 uestrum
1064 3823 1100 3875 G.
1144 3821 1336 3893 siliquastrum
1354 3829 1411 3876 cett·

281 3891 327 3942 ubi
351 3892 380 3944 iu
404 3889 533 3943 eiusmodi
559 3893 625 3958 duo]
651 3894 784 3960 intellige:
813 3841 938 3944 subsellio
962 3891 1063 3945 sedent.
1096 3893 1269 3948 Durissimce
1293 3896 1411 3964 ellipseot

280 3965 436 4034 exemplum.
604 3965 761 4032 arceantur]
780 3964 926 4033 Scioppius.
963 3962 1126 4016 arcebuntur
1143 3964 1220 4018 codd.

397 4065 468 4131 129.
487 4080 619 4147 maxume]
638 4097 671 4133 ex
689 4075 724 4134 G.
837 4079 907 4146 eam]
926 4080 1042 4146 intellige
1060 4077 1210 4138 mulierem,
1227 4082 1414 4134 constructione

161 4201 164 4208 ,
283 4147 335 4202 riui
354 4153 448 4220 suscepi.
517 4182 520 4192 ·
569 4150 726 4222 calefactis]
746 4149 876 4221 cclfoetis
894 4151 923 4204 F.
1046 4150 1195 4220 speeiendo]
1212 4153 1347 4222 spiciendo
1362 4151 1415 4205 Fit.

282 4221 365 4291 spicio
382 4225 417 4276 G.
585 4239 613 4273 se
630 4223 766 4291 spectant]
780 4223 820 4276 ab
864 4231 1004 4292 aspectant
1024 4221 1054 4276 F.
1072 4223 1156 4292 (quod
1177 4240 1229 4278 11011
1247 4226 1303 4278 volt
1328 4223 1414 4277 mutari

283 4295 406 4364 Spengel.
425 4312 452 4363 p.
465 4293 541 4363 xli.)
577 4303 720 4363 expectant
738 4296 773 4349 G.
809 4303 967 4365 exspectant
985 4293 1020 4346 Η.
