2866 4812
458 229 497 330 §-
528 242 735 314 51--55·
1090 224 1171 304 tls
1279 209 1281 216 '

46 431 141 504 beant
166 429 357 504 declinatus
387 443 426 504 ul
458 443 619 530 caput,
653 457 801 530 quorum
823 457 887 530 par
909 435 1052 531 reperiri
1077 435 1171 534 quod

46 559 109 605 nou
139 535 268 632 possit,
304 559 376 605 uon
407 559 486 608 esse
516 533 717 633 analogias:
760 533 1061 632 respondendum,
1097 538 1172 610 siue

46 634 164 729 dubio,
201 638 231 707 si
262 635 358 734 quod
383 647 435 708 est
462 635 640 734 singulare
670 634 838 728 verbum,
873 635 911 708 id
941 663 1013 709 non
1043 633 1172 712 habere

45 737 231 836 analogias.
278 737 465 811 Minimum
489 736 559 808 duo
585 763 660 810 esse
686 735 813 808 debent
833 735 959 829 verba,
986 735 1173 835 inquibus

44 839 84 908 sit
114 837 315 934 similitudo,
379 837 499 930 Quare
531 840 568 910 iu
600 838 669 912 hoc
703 838 833 911 tollunt
865 863 942 912 esse
978 839 1081 912 analo
1107 840 1169 912 ‘as
1185 873 1235 918 491.

45 936 107 1011 hd.
133 940 209 1015 Sed
231 941 268 1012 iu
290 939 402 1036 nihil
424 939 632 1014 vocabulum
654 952 753 1014 recto*
768 966 852 1012 casu
872 954 1013 1039 apparet
1033 865 1170 1015 inhloc:
1185 933 1237 946 '⁵‘

135 1075 242 1162 Quae
259 1074 362 1142 dedit
380 1073 462 1167 ipsa
478 1075 590 1166 capit,
601 1089 725 1166 'neque
740 1073 913 1166 dispendi
920 1073 1025 1174 facit
1040 1073 1155 1144 hilum
1162 1105 1175 1166 ,-

44 1197 132 1293 quod
164 1199 258 1272 valet
290 1203 356 1270 nec
383 1199 554 1296 dispendii
584 1200 670 1272 facit
700 1199 904 1299 quidquam.
973 1196 1073 1272 ldem
1105 1198 1174 1272 hoc

43 1297 183 1400 obliquo
204 1300 298 1399 a'pud
323 1299 512 1374 Plautum:

141 1425 264 1496 Video
298 1427 396 1496 enim
430 1439 465 1494 te
499 1425 606 1494 nihili
633 1425 811 1518 pendere
826 1379 928 1519 proc
956 1421 1176 1494 Philolache

330 1583 333 1591 .
445 1526 796 1613 omneishominea3

40 1641 132 1738 qnod
163 1653 287 1716 estex
311 1671 356 1717 ne
381 1656 415 1717 et
443 1643 527 1738 hili3
566 1668 673 1741 quare
706 1642 820 1714 dictus
854 1655 905 1716 est
938 1642 1080 1716 nihili
1113 1647 1174 1744 qui

40 1763 106 1816 non
128 1742 193 1814 lrili
214 1757 309 1818 erat:
339 1772 421 1818 casu
444 1747 529 1817 *nou
549 1745 735 1836 mutante*‚
762 1769 842 1816 cum
871 1755 1104 1836 commutatur
1132 1745 1237 1836 defit„

40 1871 106 1942 quo
133 1844 275 1918 dicitur.
319 1849 375 1919 De
401 1846 540 1918 homine
566 1846 715 1918 dicimus
740 1847 845 1940 enim,
868 1845 929 1920 lric
948 1848 1053 1920 homo
1073 1844 1174 1918 nihili
1211 1841 1213 1849 ’

41 1959 107 2039 est,
144 1959 181 2018 et
205 1945 309 2020 huius
334 1949 484 2021 hominis
515 1947 636 2039 nihili,
676 1959 711 2020 et
735 1946 830 2018 hunc
855 1948 1031 2021 hominem
1056 1945 1169 2020 nihili.

43 2047 80 2120 si
104 2050 142 2120 in
161 2048 229 2120 'illo
255 2060 567 2140 commutaremus,
596 2049 812 2142 diceremus,
848 2063 887 2123 ut
911 2049 980 2124 hoc
1004 2049 1114 2133 linum
1139 2061 1175 2122 ct
1234 2063 1239 2074 '

44 2148 170 2242 libum,
197 2153 254 2240 sic,
274 2151 440 2242 nihilum,
466 2178 537 2223 uon
561 2149 619 2223 hic
644 2150 763 2244 nihili,
797 2162 833 2223 et
857 2153 912 2224 ut*
933 2152 1016 2223 huic
1041 2151 1114 2224 lino
1139 2161 1232 2224 etilo

44 2249 131 2343 libo,
168 2253 227 2323 sic
243 2251 371 2345 nihilo,
406 2279 477 2325 nou
502 2253 586 2324 hnic
611 2252 723 2324 nihili.
777 2254 900 2325 Potest
925 2254 995 2324 dici
1018 2256 1171 2352 patrinus

46 2377 163 2459 casus,
202 2365 242 2425 ut
271 2356 303 2425 ei
334 2365 592 2451 praeponantur
609 2355 848 2451 'praenomina
880 2353 1003 2450 plura,
1043 2365 1083 2424 nt
1112 2352 1171 2424 hic

46 2478 139 2527 casus
166 2455 344 2547 Terentii,
377 2454 472 2527 hunc
499 2459 620 2526 casum
645 2454 824 2548 Terentii3
858 2454 917 2526 hic
940 2454 1038 2526 miles
1063 2454 1171 2554 legio·

12 2633 13 2638 .
46 2557 115 2650 nis,
144 2556 250 2628 huius
271 2557 389 2628 militis
411 2557 578 2657 legionis,
606 2556 701 2628 hunc
727 2556 870 2630 militem
895 2557 1055 2656 legionis.

139 2683 209 2758 55.
249 2683 407 2784 Negant,
446 2711 527 2759 cum
559 2687 672 2760 omnis
707 2699 831 2760 natura
861 2689 908 2760 sit
931 2697 991 2758 aut
1015 2710 1090 2756 mas
1113 2663 1266 2768 aut58'

46 2783 166 2860 lemiua
191 2797 252 2859 aut
273 2800 456 2882 neutrum,
489 2791 575 2862 non*
603 2787 765 2864 debuisse
789 2816 832 2863 ex
857 2787 1003 2888 singulis
1027 2784 1195 2892 vocibps
1308 2817 1310 2825 ’

47 3013 170 3078 apertiore
187 3015 252 3066 dent
268 3017 411 3080 quaesunt
428 3013 453 3064 iu
472 3014 553 3078 554.
666 3011 729 3078 par]
748 3011 840 3077 codd.⁵
860 3021 939 3082 puto,
966 3025 1064 3064 omues.
1104 3027 1172 3078 pars

47 3097 85 3147 vg.
201 3084 303 3136 tollunt
320 3101 376 3135 esee
395 3083 549 3154 analogias]
574 3083 623 3136 llis
641 3081 727 3138 verbis
745 3083 858 3149 scriptor
876 3099 927 3134 nou
944 3083 1101 3150 interrogat,
1124 3081 1172 3134 sed

48 3155 173 3224 concedit,
193 3157 220 3208 in
238 3173 263 3208 v.
277 3165 359 3224 caput
376 3156 433 3208 tolli
450 3155 594 3221 analogiam
616 3171 648 3208 eo
666 3153 737 3221 quod
755 3155 831 3222 plene
849 3155 980 3222 singulare
994 3155 1043 3218 sit3
1065 3171 1089 3206 r.
1103 3151 1173 3205 nihil

46 3231 123 3280 autem
139 3228 259 3294 analogia
276 3228 427 3280 destitutum
444 3242 503 3279 esse
520 3233 608 3294 negat.

149 3333 202 3399 54.
228 3345 258 3394 a.
276 3341 358 3408 nicar]
377 3343 523 3410 Scioppius.
559 3341 667 3392 initium
685 3339 760 3394 codd.
884 3341 913 3391 o.
930 3341 991 3406 hoc]
1009 3339 1087 3393 unta
1102 3340 1170 3392 1000.

48 3415 76 3479 V,
93 3421 135 3472 60.
275 3413 345 3482 ipsa]
363 3415 510 3480 Scioppius.
546 3413 589 3464 irc
607 3413 683 3467 codd.
822 3412 906 3480 capit]
925 3413 1051 3481 Scaliger.
1087 3417 1171 3477 caput

48 3488 117 3542 codd.
248 3484 392 3549 Plautum]
416 3485 576 3538 Mostellaria
593 3485 620 3550 1,
639 3489 671 3549 3,
689 3487 733 3535 88.
868 3484 948 3547 enim]
967 3481 1042 3535 codd.
1084 3481 1170 3534 Plauti

47 3556 98 3610 libri
116 3558 244 3624 omittunt.
340 3555 525 3622 ·Philolache]
536 3573 578 3622 vg.
614 3554 773 3608 Philolacho
790 3551 864 3605 codd.
900 3551 1086 3604 Philolachete
1103 3551 1170 3603 Ver-

48 3631 151 3696 uanius,
169 3629 317 3698 Scioppius.
451 3643 516 3678 casn
534 3629 599 3678 'nou
617 3625 763 3692 mutante‘]
786 3625 863 3676 Haec
883 3639 960 3678 ausus
978 3637 1035 3676 sum
1051 3621 1171 3690 tctlptori

48 3698 77 3751 de
93 3718 149 3755 meu
167 3700 315 3769 impertire,
339 3698 441 3750 cumin
459 3699 534 3752 codd.
552 3697 613 3750 nihil
631 3705 700 3750 esset
718 3697 767 3748 uisi
785 3711 849 3762 casu
868 3705 934 3749 tum.
970 3693 1170 3747 Verumtamen

49 3784 131 3826 seusus
149 3774 213 3826 illud
230 3774 271 3826 vel
290 3770 374 3823 simile
391 3771 486 3837 aliquid
505 3771 626 3837 postulat.
667 3770 708 3821 Dc
725 3767 886 3819 intransitiva
903 3783 927 3820 r.
947 3766 1126 3840 rnntare'usu'
1137 3764 1170 3816 ct.

49 3841 226 3906 V,1ol.1to.
250 3843 298 3908 lx,
311 3844 354 3894 64.
469 3841 580 3892 dicimus
596 3839 676 3906 enim]
695 3839 763 3890 enim
782 3837 893 3890 dicimus
910 3855 949 3904 αι,
967 3838 1036 3906 quod
1053 3838 1171 3888 voluerat

48 3912 185 3984 Scioppius.
274 3911 369 3976 libum]
382 3912 448 3964 coni.
484 3911 576 3964 limum
594 3907 670 3964 codd.
697 3910 733 3962 Et
750 3911 787 3962 sic
804 3911 866 3962 item
885 3916 983 3979 poetae.
1071 3917 1099 3958 et
1113 3905 1168 3973 ια’]

50 3987 109 4038 coni.
122 3989 221 4056 scripti.
257 3995 283 4037 et
303 3986 376 4038 FGu.
405 3998 456 4035 um.
474 3984 509 4038 H.
546 3994 579 4035 ut
596 3985 663 4036 coni.
679 3981 843 4050 Spengelius.
953 3977 1168 4050 praeponantur]

48 4057 138 4127 scripsi.
171 4055 469 4130 praeponunturucodd.

152 4158 204 4225 55.
236 4172 357 4244 negant]
376 4173 408 4226 cr.
427 4171 568 4237 v1u‚u.
658 4135 660 4139 ’
701 4169 776 4239 noa-1
795 4169 862 4226 aar
879 4166 982 4232 sacrat.
1006 4183 1039 4220 ne
1056 4165 1171 4220 carata
1203 4193 1205 4198 -

51 4240 92 4308 ipsi
109 4255 196 4298 secum
214 4250 337 4314 pugnent.
373 4244 439 4296 Nam
458 4260 492 4298 ex
510 4243 600 4296 horum
618 4244 760 4306 sententia,
782 4243 805 4294 si
823 4239 942 4306 auahgiu
960 4244 1043 4302 esset,
1060 4237 1087 4290 lu
1104 4251 1170 4304 quo·

51 4329 95 4377 que
113 4319 238 4370 vocabulo
260 4317 395 4370 debuerint
420 4333 478 4370 esse
503 4315 588 4368 omnia
610 4316 677 4367 trica
699 4329 804 4382 genera.
846 4314 909 4364 Post
927 4320 1028 4381 negant
1046 4307 1171 4375 quaedum
