2864 4814
234 189 239 210 Ι
271 215 346 289 lit}
646 239 767 285 runnu
808 239 1030 310 suasinus,

267 406 361 478 dicat
402 399 630 502 etymologine
672 423 743 471 non
782 403 934 472 omnium
976 399 1161 472 verborum
1198 398 1267 472 diei
1307 413 1418 500 posse?

270 531 431 597 causam,
467 502 578 574 ut'a
609 525 679 596 qua
708 526 747 573 re
775 527 831 573 res
859 500 904 574 ad
929 501 1136 576 medendum
1169 501 1418 588 medicina.

213 612 393 705 235Neque
420 608 450 678 si
475 629 547 676 nou
572 605 684 675 norim
710 602 844 675 radices
865 603 1012 695 arboris,
1041 632 1112 677 non
1134 630 1270 703 possem
1292 604 1397 677 dicere
1417 609 1418 618 ’

209 710 385 810 *pirum
411 732 486 796 esse
509 733 552 778 ex
578 731 694 796 ramo,
730 731 864 777 ramum
890 732 934 779 ex
959 706 1101 798 arbore,
1136 731 1211 778 eam
1237 732 1279 777 ex
1308 707 1398 777 radi-

269 812 370 883 cibus
395 823 483 908 'quas
505 833 577 878 non
603 806 723 879 video:
767 833 874 904 quare
902 810 964 905 qui
988 808 1142 881 ostendit
1162 809 1397 905 equitatum

258 940 344 1006 esse
371 911 416 984 ab
441 907 636 1008 equitibus,
677 911 852 1005 equites
887 909 931 981 ab
964 913 1100 1007 equite,
1138 912 1331 1007 equitem
1362 909 1397 980 ab

269 1041 381 1113 equo,
419 1037 532 1111 neque
563 1036 702 1107 equos
736 1010 828 1083 unde
862 1015 907 1084 sit
937 1011 1042 1103 dicit,
1082 1021 1197 1084 tamen
1222 1010 1282 1082 hic
1310 1011 1398 1084 docet

269 1129 304 1188 et
332 1116 434 1214 plura
463 1126 498 1188 et
523 1113 692 1186 satisfacit
723 1124 842 1212 grato,
880 1139 983 1212 quem
1014 1114 1139 1186 imitari
1172 1115 1396 1211 possimusne‚

270 1221 345 1316 ipse
371 1217 460 1290 liber
484 1217 549 1288 erit
580 1214 722 1287 indicio.
937 1265 939 1277 .

235 1354 262 1427 2
374 1344 415 1419 5.
461 1346 588 1418 Dicam
621 1347 658 1416 in
689 1345 757 1418 hoc
789 1343 879 1417 libro
914 1345 957 1418 de
990 1345 1104 1418 verbis
1134 1371 1223 1442 quae
1252 1371 1272 1416 a
1301 1347 1397 1443 poetis

230 1477 262 1522 sl
277 1462 358 1521 sunt
389 1450 526 1546 posita3
573 1448 723 1546 primurn
757 1447 800 1522 de
831 1447 941 1541 loeis3
982 1447 1062 1519 dein
1094 1447 1138 1519 de
1168 1446 1224 1519 bis
1253 1473 1344 1544 quae
1370 1437 1418 1516 inl

272 1552 359 1622 locis
391 1561 493 1644 sunt3
527 1552 628 1622 tertio
658 1551 700 1623 de
729 1547 964 1648 temporibus3
1002 1560 1076 1620 ium
1106 1573 1299 1646 quaecum
1324 1562 1396 1621 tem·

214 1690 262 1734 237
277 1651 420 1748 poribus
445 1663 526 1722 sunt
553 1655 757 1746 coniuncta,
793 1651 947 1726 sedita*
973 1663 1011 1724 ut
1037 1677 1126 1748 quae
1151 1677 1232 1725 cum
1257 1649 1316 1723 bis
1341 1653 1399 1722 sint

213 1749 485 1843 '‘coniuncta,
521 1751 728 1852 adiungam,
762 1767 816 1846 et,
850 1752 988 1850 siquid
1014 1752 1140 1824 excidit
1165 1779 1208 1824 ex
1233 1751 1302 1825 bac
1326 1778 1397 1852 qua·

275 1853 530 1953 dripartitione,
557 1865 672 1927 tamen
697 1857 733 1926 in
756 1881 796 1926 ea
821 1853 1181 1952 ut'comprehendam.

375 1981 414 2055 6.
457 1985 628 2083 Incipiam
650 1972 751 2056 hino:

417 2100 521 2166 tirius
547 2102 619 2167 erit
640 2123 745 2191 qrrern
768 2111 808 2167 tu
835 2099 939 2168 tolles
965 2099 1003 2168 in
1025 2100 1179 2168 coerrila
1202 2099 1299 2182 caeli

274 2201 653 2406 Templdlllilliiibns
679 2309 790 2383 modis
815 2309 942 2382 dicitur
967 2307 1011 2380 ab
1036 2299 1179 2398 natura,
1220 2308 1264 2380 ab
1292 2309 1397 2405 ειυςΡῙ·

274 2409 416 2501 ciendo,
452 2409 497 2482 ab
521 2403 755 2484 similitudine.
810 2411 952 2486 Natura·
966 2413 1003 2483 in
1029 2410 1144 2504 caelo,
1175 2407 1219 2480 ab
1245 2411 1397 2508 auspiciis

273 2513 309 2580 iu
337 2526 449 2606 terra3
487 2511 530 2585 ab
557 2513 779 2586 similitudine
805 2513 870 2586 sub
896 2525 999 2586 terra.
1052 2512 1096 2583 In
1120 2512 1216 2583 caelo
1241 2499 1418 2610 templuml

275 2611 425 2707 dicitur,
458 2617 559 2686 utin
584 2615 755 2688 Hecuba:

257 2821 396 2888 ,causond
417 2821 606 2874 commendarit
631 2823 795 2890 Spengelius.
843 2839 926 2874 causa
945 2823 1021 2876 codd.
1043 2810 1113 2888 (ἱ.ὀ.
1134 2829 1178 2887 ci,
1206 2827 1236 2874 nt
1259 2827 1302 2874 est
1326 2823 1349 2872 in
1366 2819 1396 2884 b.)

276 2909 374 2943 causas
393 2893 451 2946 ΑΜ.
609 2894 701 2956 urta]
727 2893 826 2960 scripsi.
870 2903 902 2944 ut
922 2894 987 2964 quia
1005 2895 1080 2946 codd.
1113 2893 1283 2946 Scribendum
1303 2909 1358 2946 esse
1373 2899 1397 2939 ut

275 2963 323 3034 qui
340 2982 373 3029 a,
401 2970 506 3032 etpost
529 2963 593 3016 haec
618 2964 745 3017 excidisse
768 2964 909 3032 quaedam,
933 2968 1015 3018 minus
1041 2966 1175 3034 probabile
1197 2966 1297 3028 visum;
1326 2977 1397 3028 neque

275 3038 372 3103 placuit
390 3036 596 3089 Turnebianum:
624 3045 656 3086 ut
675 3055 801 3107 quaerere
817 3055 835 3087 a
854 3055 916 3108 qua.
959 3038 1000 3089 Ad
1017 3053 1120 3090 sensum
1140 3037 1208 3088 euim
1225 3035 1287 3088 nihil
1307 3034 1397 3087 deside·
1417 3033 1418 3042 ’

275 3114 360 3172 ratur,
377 3123 437 3160 nam
455 3109 488 3160 ad
506 3109 697 3176 quaestionem:
723 3126 741 3158 a
760 3126 815 3178 qua
833 3127 875 3164 re,
894 3110 1090 3177 respondebitur
1107 3109 1206 3160 statim:
1232 3124 1249 3158 a
1265 3107 1397 3160 medendo:
1417 3173 1418 3178 Ἰ

275 3195 352 3244 quam
378 3180 494 3232 ultimam
522 3196 611 3233 eorum
635 3181 819 3232 vocabulorum
843 3196 900 3234 esse
924 3181 1053 3246 radicem,
1080 3182 1164 3243 Varro
1188 3179 1291 3231 dixerat
1310 3180 1340 3243 V,
1362 3180 1396 3228 93.

272 3250 386 3316 possem]
394 3267 436 3314 vg.
455 3268 531 3316 posse
540 3269 578 3300 me
588 3251 696 3315 codd„
716 3254 808 3322 equos]
815 3270 900 3322 equus
914 3253 989 3304 codd.
1040 3250 1217 3320 possimusne]
1230 3249 1361 3318 possimus
1372 3263 1396 3296 ne
1417 3265 1418 3314 j

164 3382 168 3392 Ι
275 3320 351 3373 codd.
386 3322 454 3373 Illud
470 3338 503 3373 ne
519 3321 632 3374 offendat
650 3330 756 3390 propter
774 3325 913 3392 particulae
930 3325 1130 3390 interrogativae
1149 3322 1312 3392 positionem,
1330 3317 1395 3379 ctu
1417 3353 1418 3396 ,

275 3399 299 3443 9.
311 3391 524 3461 perspiciendum
539 3393 632 3464 siqui,
650 3395 838 3446 declinationes
851 3394 988 3447 verborum
996 3395 1167 3464 proportione
1180 3393 1276 3456 sintne,
1291 3397 1397 3464 quaeret.

387 3493 418 3556 5.
443 3508 514 3578 aaa]
528 3513 576 3563 oa.
615 3509 707 3559 uernae
723 3511 815 3576 rus„
833 3512 880 3563 seu
897 3511 965 3563 uas.
986 3512 1107 3564 omittunt
1126 3509 1157 3560 a.
1175 3510 1224 3563 aas.
1262 3511 1303 3562 or.
1323 3513 1395 3561 aanor.

275 3579 307 3629 ud
328 3581 360 3645 V,
379 3583 442 3634 131.
585 3581 633 3631 sed
649 3581 713 3646 itu’]
733 3584 798 3633 coni.
818 3585 916 3651 scripsi.
955 3582 996 3633 dis
1013 3585 1086 3635 uua.
1124 3581 1168 3632 iris
1186 3583 1212 3634 b.
1248 3582 1283 3634 H.
1303 3581 1362 3632 baec
1378 3582 1397 3627 et

276 3654 411 3715 seqrrentio
437 3653 517 3705 ud'v.
537 3653 678 3704 coniuncta
704 3669 785 3719 usque
803 3669 854 3706 om.
890 3653 958 3706 Illud
981 3653 1022 3706 dis
1039 3653 1249 3723 err-pompendiis
1268 3655 1397 3721 scripturae

218 3719 221 3726 '
276 3729 360 3772 ortum
380 3724 558 3777 essevidetur.
673 3735 705 3774 ur
725 3725 804 3794 quae]
824 3733 923 3796 utque
941 3741 965 3777 a.
1002 3736 1086 3796 utque
1103 3726 1151 3777 Fb.
1180 3722 1396 3782 ¹Eodemconsilio

277 3793 408 3846 declarato
428 3796 505 3848 etium
524 3798 557 3861 V,
577 3798 618 3849 13.
639 3797 689 3862 VI,
709 3802 732 3848 1.
759 3797 870 3865 scriptor
887 3797 935 3849 sibi
954 3804 1029 3850 cavet
1050 3798 1223 3862 acalumnia,
1249 3797 1397 3849 alienasse

277 3881 334 3918 esse
354 3868 478 3920 immixta.

391 3951 421 4015 6.
447 3966 578 4034 Incipiam
595 3968 666 4035 irinc]
687 3969 752 4020 Ante
771 3967 834 4020 liaeo
852 3968 931 4021 verba
947 3969 1023 4037 piene
1041 3966 1161 4031 distinxi,
1185 3969 1305 4018 monente
1323 3964 1396 4029 spen·

277 4037 360 4101 gotio,
387 4037 602 4092 Emendationnm
620 4042 727 4092 Varron.
748 4059 772 4105 p.
786 4046 810 4093 6.
854 4041 905 4091 Hic
932 4039 1095 4106 sequentibus
1120 4035 1324 4106 anteponendum
1350 4043 1397 4084 esse

277 4108 431 4162 arbitratur:
459 4111 545 4177 Apud
565 4112 691 4180 Ennium.
733 4113 810 4163 Haud
834 4111 951 4176 equidem
976 4113 1044 4173 scio,
1069 4125 1104 4159 an
1122 4110 1205 4162 Varro
1224 4109 1335 4160 omiserit
1357 4103 1396 4180 bot¹

277 4193 369 4229 nomen
394 4187 513 4247 tanquam
540 4183 656 4235 omnibus
681 4190 785 4247 notum3
818 4189 890 4234 certe
918 4181 1111 4245 violentioribus
1136 4181 1272 4245 machinis,
1306 4183 1334 4228 ut
1357 4171 1396 4224 situ

281 4255 426 4316 constaret,
445 4269 502 4304 enm
522 4254 627 4319 adigere
646 4257 722 4308 uolui.
877 4257 952 4304 Unus
970 4253 1032 4319 erit]
1049 4251 1122 4304 Haec
1143 4253 1161 4304 1.
1180 4252 1257 4304 Ennii
1275 4247 1395 4302 Annaliun

282 4321 349 4373 libro
374 4322 406 4374 de
431 4323 544 4401 liomuio
572 4327 638 4378 dicta
664 4345 719 4399 csso
746 4332 851 4380 constat.
889 4327 920 4379 V.
941 4320 1016 4377 Ennii
1042 4325 1131 4376 Annal.
1158 4324 1247 4390 fragm.
1269 4323 1308 4374 ed.
1327 4319 1358 4370 E.
1374 4315 1393 4364 S·

499 4407 546 4568 r
1225 4528 1308 4616 „
