<?xml version="1.0" encoding="UTF-8"?>
<!DOCTYPE html PUBLIC "-//W3C//DTD XHTML 1.0 Transitional//EN"
    "http://www.w3.org/TR/xhtml1/DTD/xhtml1-transitional.dtd">
<html xmlns="http://www.w3.org/1999/xhtml" xml:lang="en" lang="en">
 <head>
  <title>
</title>
<meta http-equiv="Content-Type" content="text/html;charset=utf-8" />
  <meta name='ocr-system' content='tesseract 3.04.00' />
  <meta name='ocr-capabilities' content='ocr_page ocr_carea ocr_par ocr_line ocrx_word'/>
</head>
<body>
  <div class='ocr_page' id='page_1' title='image "./mterentivarroni00mlgoog/mterentivarroni00mlgoog_0096.png"; bbox 0 0 2864 4814; ppageno 0'>
   <div class='ocr_carea' id='block_1_1' title="bbox 289 244 1026 324">
    <p class='ocr_par' dir='ltr' id='par_1_1' title="bbox 289 244 1026 324">
     <span class='ocr_line' id='line_1_1' title="bbox 289 244 1026 324; baseline 0.001 -14"><span class='ocrx_word' id='word_1_1' title='bbox 289 244 343 318; x_wconf 82' lang='grc'>58</span> <span class='ocrx_word' id='word_1_2' title='bbox 675 267 795 312; x_wconf 79' lang='lat' dir='ltr'>nrnrn</span> <span class='ocrx_word' id='word_1_3' title='bbox 831 265 1026 324; x_wconf 75' lang='lat' dir='ltr'>orturus.</span> 
     </span>
    </p>
   </div>
   <div class='ocr_carea' id='block_1_2' title="bbox 288 423 1400 826">
    <p class='ocr_par' dir='ltr' id='par_1_2' title="bbox 288 423 1400 826">
     <span class='ocr_line' id='line_1_2' title="bbox 290 423 1399 526; baseline -0.004 -22"><span class='ocrx_word' id='word_1_4' title='bbox 290 429 470 504; x_wconf 85' lang='lat' dir='ltr'>colendum</span> <span class='ocrx_word' id='word_1_5' title='bbox 506 440 630 526; x_wconf 86' lang='lat' dir='ltr'>posset.</span> <span class='ocrx_word' id='word_1_6' title='bbox 814 423 881 499; x_wconf 83' lang='grc'>97.</span> <span class='ocrx_word' id='word_1_7' title='bbox 925 423 1083 523; x_wconf 80' lang='lat' dir='ltr'>Capru</span> <span class='ocrx_word' id='word_1_8' title='bbox 1113 449 1235 524; x_wconf 77' lang='lat' dir='ltr'>corpu,</span> <span class='ocrx_word' id='word_1_9' title='bbox 1277 451 1298 497; x_wconf 85' lang='lat' dir='ltr'>u</span> <span class='ocrx_word' id='word_1_10' title='bbox 1332 451 1399 524; x_wconf 89' lang='lat' dir='ltr'>quo</span> 
     </span>
     <span class='ocr_line' id='line_1_3' title="bbox 289 526 1400 630; baseline -0.005 -25"><span class='ocrx_word' id='word_1_11' title='bbox 289 535 451 630; x_wconf 87' lang='lat' dir='ltr'>scriptum</span> <span class='ocrx_word' id='word_1_12' title='bbox 486 536 721 626; x_wconf 82' lang='lat' dir='ltr'>amriicorpoe</span> <span class='ocrx_word' id='word_1_13' title='bbox 743 553 889 626; x_wconf 83' lang='lat' dir='ltr'>caprae.</span> <span class='ocrx_word' id='word_1_14' title='bbox 952 528 1120 620; x_wconf 78' lang='lat' dir='ltr'>lucus,</span> <span class='ocrx_word' id='word_1_15' title='bbox 1160 526 1254 624; x_wconf 88' lang='lat' dir='ltr'>qnod</span> <span class='ocrx_word' id='word_1_16' title='bbox 1278 526 1400 601; x_wconf 82' lang='lat' dir='ltr'>Sabini</span> 
     </span>
     <span class='ocr_line' id='line_1_4' title="bbox 288 628 1400 728; baseline -0.004 -24"><span class='ocrx_word' id='word_1_17' title='bbox 288 633 411 704; x_wconf 81' lang='lat' dir='ltr'>firous:</span> <span class='ocrx_word' id='word_1_18' title='bbox 453 632 546 728; x_wconf 90' lang='lat' dir='ltr'>qnod</span> <span class='ocrx_word' id='word_1_19' title='bbox 575 631 646 702; x_wconf 89' lang='lat' dir='ltr'>illic</span> <span class='ocrx_word' id='word_1_20' title='bbox 670 629 791 716; x_wconf 81' lang='lat' dir='ltr'>ledus,</span> <span class='ocrx_word' id='word_1_21' title='bbox 826 631 862 700; x_wconf 88' lang='lat' dir='ltr'>in</span> <span class='ocrx_word' id='word_1_22' title='bbox 883 629 984 700; x_wconf 83' lang='lat' dir='ltr'>Latio</span> <span class='ocrx_word' id='word_1_23' title='bbox 1010 655 1089 700; x_wconf 87' lang='lat' dir='ltr'>rure</span> <span class='ocrx_word' id='word_1_24' title='bbox 1114 628 1241 723; x_wconf 81' lang='lat' dir='ltr'>edus5</span> <span class='ocrx_word' id='word_1_25' title='bbox 1280 631 1400 725; x_wconf 90' lang='lat' dir='ltr'>quiin</span> 
     </span>
     <span class='ocr_line' id='line_1_5' title="bbox 290 726 1400 826; baseline -0.002 -22"><span class='ocrx_word' id='word_1_26' title='bbox 290 733 396 826; x_wconf 84' lang='lat' dir='ltr'>urbe,</span> <span class='ocrx_word' id='word_1_27' title='bbox 423 735 522 804; x_wconf 90' lang='lat' dir='ltr'>utin</span> <span class='ocrx_word' id='word_1_28' title='bbox 547 733 663 803; x_wconf 88' lang='lat' dir='ltr'>multis</span> <span class='ocrx_word' id='word_1_29' title='bbox 686 726 724 801; x_wconf 80' lang='grc' dir='ltr'><strong>Α</strong></span> <span class='ocrx_word' id='word_1_30' title='bbox 747 729 882 821; x_wconf 82' lang='lat' dir='ltr'>addito,</span> <span class='ocrx_word' id='word_1_31' title='bbox 910 729 1027 802; x_wconf 75' lang='lat' dir='ltr'>sedus.</span> <span class='ocrx_word' id='word_1_32' title='bbox 1079 730 1273 821; x_wconf 83' lang='lat' dir='ltr'>Porcus,</span> <span class='ocrx_word' id='word_1_33' title='bbox 1310 731 1400 826; x_wconf 88' lang='lat' dir='ltr'>quod</span> 
     </span>
    </p>
   </div>
   <div class='ocr_carea' id='block_1_3' title="bbox 229 828 1396 928">
    <p class='ocr_par' dir='ltr' id='par_1_3' title="bbox 229 828 1396 928">
     <span class='ocr_line' id='line_1_6' title="bbox 229 828 1396 928; baseline -0.001 -22"><span class='ocrx_word' id='word_1_34' title='bbox 229 834 431 920; x_wconf 58' lang='lat' dir='ltr'>QSabinis</span> <span class='ocrx_word' id='word_1_35' title='bbox 457 833 585 904; x_wconf 87' lang='lat' dir='ltr'>dictum</span> <span class='ocrx_word' id='word_1_36' title='bbox 603 831 806 903; x_wconf 72' lang='lat' dir='ltr'>Annulo</span> <span class='ocrx_word' id='word_1_37' title='bbox 830 828 1127 922; x_wconf 74' lang='lat' dir='ltr'>policornu,</span> <span class='ocrx_word' id='word_1_38' title='bbox 1152 829 1232 902; x_wconf 88' lang='lat' dir='ltr'>inde</span> <span class='ocrx_word' id='word_1_39' title='bbox 1250 855 1396 928; x_wconf 70' lang='lat' dir='ltr'>porcus,</span> 
     </span>
    </p>
   </div>
   <div class='ocr_carea' id='block_1_4' title="bbox 202 929 1426 1433">
    <p class='ocr_par' dir='ltr' id='par_1_4' title="bbox 289 929 1426 1029">
     <span class='ocr_line' id='line_1_7' title="bbox 289 929 1426 1029; baseline -0.004 -23"><span class='ocrx_word' id='word_1_40' title='bbox 289 937 357 1006; x_wconf 89' lang='lat' dir='ltr'>nisi</span> <span class='ocrx_word' id='word_1_41' title='bbox 381 937 410 1006; x_wconf 87' lang='lat' dir='ltr'>si</span> <span class='ocrx_word' id='word_1_42' title='bbox 428 932 618 1026; x_wconf 84' lang='lat' dir='ltr'>uGraccis,</span> <span class='ocrx_word' id='word_1_43' title='bbox 640 929 890 1029; x_wconf 75' lang='lat' dir='ltr'>qnodAthcnis</span> <span class='ocrx_word' id='word_1_44' title='bbox 910 935 946 1003; x_wconf 89' lang='lat' dir='ltr'>in</span> <span class='ocrx_word' id='word_1_45' title='bbox 967 931 1063 1004; x_wconf 88' lang='lat' dir='ltr'>libris</span> <span class='ocrx_word' id='word_1_46' title='bbox 1084 954 1259 1004; x_wconf 82' lang='lat' dir='ltr'>sacrorum</span> <span class='ocrx_word' id='word_1_47' title='bbox 1274 936 1398 1027; x_wconf 80' lang='lat' dir='ltr'>scripta</span> <span class='ocrx_word' id='word_1_48' title='bbox 1425 977 1426 980; x_wconf 59' lang='lat'><em>=</em></span> 
     </span>
    </p>

    <p class='ocr_par' dir='ltr' id='par_1_5' title="bbox 202 1029 1426 1433">
     <span class='ocr_line' id='line_1_8' title="bbox 288 1029 1398 1139; baseline -0.005 -30"><span class='ocrx_word' id='word_1_49' title='bbox 288 1031 422 1138; x_wconf 71' lang='grc' dir='ltr'><em>κάπρω</em></span> <span class='ocrx_word' id='word_1_50' title='bbox 445 1033 510 1114; x_wconf 75' lang='grc' dir='ltr'>καὶ</span> <span class='ocrx_word' id='word_1_51' title='bbox 535 1031 670 1139; x_wconf 64' lang='lat' dir='ltr'>quippo,</span> <span class='ocrx_word' id='word_1_52' title='bbox 806 1029 874 1103; x_wconf 84' lang='lat'>98.</span> <span class='ocrx_word' id='word_1_53' title='bbox 909 1030 1060 1125; x_wconf 78' lang='lat' dir='ltr'>Aries,</span> <span class='ocrx_word' id='word_1_54' title='bbox 1088 1032 1284 1130; x_wconf 85' lang='lat' dir='ltr'>quodcum</span> <span class='ocrx_word' id='word_1_55' title='bbox 1311 1032 1398 1104; x_wconf 89' lang='lat' dir='ltr'>dice·</span> 
     </span>
     <span class='ocr_line' id='line_1_9' title="bbox 202 1115 1395 1238; baseline -0.004 -30"><span class='ocrx_word' id='word_1_56' title='bbox 202 1139 206 1146; x_wconf 81' lang='grc'><strong><em>’</em></strong></span> <span class='ocrx_word' id='word_1_57' title='bbox 288 1136 371 1208; x_wconf 80' lang='lat' dir='ltr'>bant</span> <span class='ocrx_word' id='word_1_58' title='bbox 395 1115 488 1238; x_wconf 71' lang='lat' dir='ltr'>iipu‘v</span> <span class='ocrx_word' id='word_1_59' title='bbox 511 1148 663 1228; x_wconf 77' lang='lat' dir='ltr'>vetereS,</span> <span class='ocrx_word' id='word_1_60' title='bbox 703 1135 810 1206; x_wconf 80' lang='lat' dir='ltr'><strong>nostri</strong></span> <span class='ocrx_word' id='word_1_61' title='bbox 844 1135 1021 1232; x_wconf 73' lang='lat' dir='ltr'>arrige,</span> <span class='ocrx_word' id='word_1_62' title='bbox 1056 1131 1138 1205; x_wconf 88' lang='lat' dir='ltr'>hinc</span> <span class='ocrx_word' id='word_1_63' title='bbox 1171 1135 1395 1232; x_wconf 77' lang='lat' dir='ltr'>urvignus.</span> 
     </span>
     <span class='ocr_line' id='line_1_10' title="bbox 220 1233 1426 1336; baseline -0.005 -24"><span class='ocrx_word' id='word_1_64' title='bbox 220 1238 389 1315; x_wconf 67' lang='lat' dir='ltr'>(rotnace</span> <span class='ocrx_word' id='word_1_65' title='bbox 422 1249 503 1310; x_wconf 86' lang='lat' dir='ltr'>sunt</span> <span class='ocrx_word' id='word_1_66' title='bbox 531 1263 675 1336; x_wconf 84' lang='lat' dir='ltr'>qnorum</span> <span class='ocrx_word' id='word_1_67' title='bbox 706 1236 742 1306; x_wconf 88' lang='lat' dir='ltr'>in</span> <span class='ocrx_word' id='word_1_68' title='bbox 775 1233 950 1306; x_wconf 80' lang='lat' dir='ltr'>sacrificiis</span> <span class='ocrx_word' id='word_1_69' title='bbox 977 1246 1054 1306; x_wconf 82' lang='lat' dir='ltr'>exte</span> <span class='ocrx_word' id='word_1_70' title='bbox 1084 1236 1121 1304; x_wconf 90' lang='lat' dir='ltr'>in</span> <span class='ocrx_word' id='word_1_71' title='bbox 1150 1234 1248 1326; x_wconf 78' lang='lat' dir='ltr'>olla,</span> <span class='ocrx_word' id='word_1_72' title='bbox 1269 1259 1341 1306; x_wconf 88' lang='lat' dir='ltr'>non</span> <span class='ocrx_word' id='word_1_73' title='bbox 1362 1237 1426 1324; x_wconf 62' lang='lat' dir='ltr'>ing</span> 
     </span>
     <span class='ocr_line' id='line_1_11' title="bbox 227 1331 1426 1433; baseline -0.003 -25"><span class='ocrx_word' id='word_1_74' title='bbox 227 1361 369 1426; x_wconf 61' lang='lat' dir='ltr'>Qrcrn</span> <span class='ocrx_word' id='word_1_75' title='bbox 400 1349 587 1429; x_wconf 77' lang='lat' dir='ltr'>cocuntur,</span> <span class='ocrx_word' id='word_1_76' title='bbox 624 1361 709 1433; x_wconf 82' lang='lat' dir='ltr'>quas</span> <span class='ocrx_word' id='word_1_77' title='bbox 734 1345 768 1407; x_wconf 84' lang='lat' dir='ltr'>et</span> <span class='ocrx_word' id='word_1_78' title='bbox 792 1331 926 1408; x_wconf 82' lang='lat' dir='ltr'>Accius</span> <span class='ocrx_word' id='word_1_79' title='bbox 951 1335 1071 1408; x_wconf 80' lang='lat' dir='ltr'><strong>scribit</strong></span> <span class='ocrx_word' id='word_1_80' title='bbox 1095 1338 1188 1408; x_wconf 87' lang='lat' dir='ltr'>etin</span> <span class='ocrx_word' id='word_1_81' title='bbox 1218 1335 1398 1432; x_wconf 85' lang='lat' dir='ltr'>pontificiis</span> <span class='ocrx_word' id='word_1_82' title='bbox 1425 1337 1426 1420; x_wconf 56' lang='grc' dir='ltr'><em>ᾗ</em></span> 
     </span>
    </p>
   </div>
   <div class='ocr_carea' id='block_1_5' title="bbox 232 1471 1426 3541">
    <p class='ocr_par' dir='ltr' id='par_1_6' title="bbox 232 1471 1426 3541">
     <span class='ocr_line' id='line_1_12' title="bbox 1425 1471 1426 1494; baseline 0 0"><span class='ocrx_word' id='word_1_83' title='bbox 1425 1471 1426 1494; x_wconf 78' lang='lat' dir='ltr'>l</span> 
     </span>
     <span class='ocr_line' id='line_1_13' title="bbox 1425 1495 1426 1532; baseline 0 0"><span class='ocrx_word' id='word_1_84' title='bbox 1425 1495 1426 1532; x_wconf 75' lang='lat' dir='ltr'>r</span> 
     </span>
     <span class='ocr_line' id='line_1_14' title="bbox 399 1551 1426 1636; baseline -0.007 -16"><span class='ocrx_word' id='word_1_85' title='bbox 399 1557 451 1620; x_wconf 78' lang='lat'>97.</span> <span class='ocrx_word' id='word_1_86' title='bbox 467 1563 556 1630; x_wconf 58' lang='lat' dir='ltr'>{ireos}</span> <span class='ocrx_word' id='word_1_87' title='bbox 575 1566 648 1617; x_wconf 84' lang='lat' dir='ltr'>codd.</span> <span class='ocrx_word' id='word_1_88' title='bbox 669 1573 777 1634; x_wconf 80' lang='lat' dir='ltr'>excepto</span> <span class='ocrx_word' id='word_1_89' title='bbox 799 1566 832 1617; x_wconf 86' lang='lat' dir='ltr'>G.</span> <span class='ocrx_word' id='word_1_90' title='bbox 852 1568 895 1632; x_wconf 85' lang='lat' dir='ltr'>qni</span> <span class='ocrx_word' id='word_1_91' title='bbox 914 1565 1003 1615; x_wconf 79' lang='lat' dir='ltr'><em>hircus</em></span> <span class='ocrx_word' id='word_1_92' title='bbox 1021 1571 1050 1616; x_wconf 91' lang='lat' dir='ltr'>ut</span> <span class='ocrx_word' id='word_1_93' title='bbox 1067 1581 1109 1631; x_wconf 85' lang='lat' dir='ltr'>vg.</span> <span class='ocrx_word' id='word_1_94' title='bbox 1196 1607 1198 1611; x_wconf 96' lang='lat'>.</span> <span class='ocrx_word' id='word_1_95' title='bbox 1216 1563 1316 1636; x_wconf 85' lang='lat' dir='ltr'>sedus]</span> <span class='ocrx_word' id='word_1_96' title='bbox 1330 1565 1399 1616; x_wconf 84' lang='lat' dir='ltr'><strong>codd.</strong></span> <span class='ocrx_word' id='word_1_97' title='bbox 1425 1551 1426 1578; x_wconf 61' lang='lat'>³</span> 
     </span>
     <span class='ocr_line' id='line_1_15' title="bbox 288 1635 1399 1708; baseline -0.005 -16"><span class='ocrx_word' id='word_1_98' title='bbox 288 1647 389 1708; x_wconf 77' lang='lat' dir='ltr'>prester</span> <span class='ocrx_word' id='word_1_99' title='bbox 408 1640 484 1692; x_wconf 86' lang='lat' dir='ltr'>GHs.</span> <span class='ocrx_word' id='word_1_100' title='bbox 504 1638 547 1703; x_wconf 89' lang='lat' dir='ltr'>qni</span> <span class='ocrx_word' id='word_1_101' title='bbox 559 1636 668 1704; x_wconf 77' lang='lat' dir='ltr'>foedus.</span> <span class='ocrx_word' id='word_1_102' title='bbox 791 1635 869 1702; x_wconf 82' lang='lat' dir='ltr'>edus]</span> <span class='ocrx_word' id='word_1_103' title='bbox 888 1637 962 1690; x_wconf 88' lang='lat' dir='ltr'>codd.</span> <span class='ocrx_word' id='word_1_104' title='bbox 981 1636 1029 1689; x_wconf 90' lang='lat' dir='ltr'>uisi</span> <span class='ocrx_word' id='word_1_105' title='bbox 1047 1637 1116 1702; x_wconf 82' lang='lat' dir='ltr'>quod</span> <span class='ocrx_word' id='word_1_106' title='bbox 1133 1635 1216 1686; x_wconf 84' lang='lat' dir='ltr'>aedos</span> <span class='ocrx_word' id='word_1_107' title='bbox 1235 1636 1265 1688; x_wconf 82' lang='lat' dir='ltr'>F.</span> <span class='ocrx_word' id='word_1_108' title='bbox 1302 1636 1399 1686; x_wconf 64' lang='lat' dir='ltr'>nudus</span> 
     </span>
     <span class='ocr_line' id='line_1_16' title="bbox 287 1706 1399 1777; baseline -0.004 -16"><span class='ocrx_word' id='word_1_109' title='bbox 287 1714 321 1762; x_wconf 85' lang='lat' dir='ltr'>G.</span> <span class='ocrx_word' id='word_1_110' title='bbox 372 1711 534 1777; x_wconf 81' lang='lat' dir='ltr'>Aspirotiouc</span> <span class='ocrx_word' id='word_1_111' title='bbox 552 1707 698 1773; x_wconf 82' lang='lat' dir='ltr'>parcissime</span> <span class='ocrx_word' id='word_1_112' title='bbox 720 1713 819 1758; x_wconf 79' lang='lat' dir='ltr'>veteres</span> <span class='ocrx_word' id='word_1_113' title='bbox 840 1725 900 1760; x_wconf 84' lang='lat' dir='ltr'>usos</span> <span class='ocrx_word' id='word_1_114' title='bbox 917 1715 945 1759; x_wconf 92' lang='lat' dir='ltr'>et</span> <span class='ocrx_word' id='word_1_115' title='bbox 962 1707 1041 1759; x_wconf 88' lang='lat' dir='ltr'>oedos</span> <span class='ocrx_word' id='word_1_116' title='bbox 1059 1709 1176 1772; x_wconf 84' lang='lat' dir='ltr'>ircosque</span> <span class='ocrx_word' id='word_1_117' title='bbox 1194 1706 1307 1772; x_wconf 82' lang='lat' dir='ltr'>dixisse,</span> <span class='ocrx_word' id='word_1_118' title='bbox 1333 1709 1399 1758; x_wconf 84' lang='lat' dir='ltr'>testis</span> 
     </span>
     <span class='ocr_line' id='line_1_17' title="bbox 287 1776 1426 1850; baseline -0.004 -19"><span class='ocrx_word' id='word_1_119' title='bbox 287 1780 394 1836; x_wconf 81' lang='lat' dir='ltr'>Quintil.</span> <span class='ocrx_word' id='word_1_120' title='bbox 413 1782 439 1844; x_wconf 87' lang='lat'>1,</span> <span class='ocrx_word' id='word_1_121' title='bbox 457 1785 489 1842; x_wconf 85' lang='lat'>5,</span> <span class='ocrx_word' id='word_1_122' title='bbox 507 1781 549 1828; x_wconf 78' lang='grc'>20.</span> <span class='ocrx_word' id='word_1_123' title='bbox 591 1779 703 1828; x_wconf 86' lang='lat' dir='ltr'>Morcus</span> <span class='ocrx_word' id='word_1_124' title='bbox 730 1776 869 1828; x_wconf 82' lang='lat' dir='ltr'>Terentius</span> <span class='ocrx_word' id='word_1_125' title='bbox 893 1776 984 1827; x_wconf 81' lang='lat' dir='ltr'>scribit</span> <span class='ocrx_word' id='word_1_126' title='bbox 1008 1777 1103 1828; x_wconf 80' lang='lat' dir='ltr'>derium</span> <span class='ocrx_word' id='word_1_127' title='bbox 1127 1777 1222 1845; x_wconf 84' lang='lat' dir='ltr'>lingua</span> <span class='ocrx_word' id='word_1_128' title='bbox 1246 1777 1399 1827; x_wconf 86' lang='lat' dir='ltr'>Sabinorum</span> <span class='ocrx_word' id='word_1_129' title='bbox 1425 1804 1426 1850; x_wconf 62' lang='lat' dir='ltr'>p</span> 
     </span>
     <span class='ocr_line' id='line_1_18' title="bbox 282 1847 1426 1920; baseline -0.003 -20"><span class='ocrx_word' id='word_1_130' title='bbox 282 1851 379 1920; x_wconf 85' lang='lat' dir='ltr'>fedum</span> <span class='ocrx_word' id='word_1_131' title='bbox 397 1859 535 1902; x_wconf 73' lang='lat' dir='ltr'>uocatum,</span> <span class='ocrx_word' id='word_1_132' title='bbox 562 1848 743 1914; x_wconf 84' lang='lat' dir='ltr'>Romanosque</span> <span class='ocrx_word' id='word_1_133' title='bbox 757 1857 882 1914; x_wconf 78' lang='lat' dir='ltr'>corrupte</span> <span class='ocrx_word' id='word_1_134' title='bbox 900 1847 983 1902; x_wconf 82' lang='lat' dir='ltr'>bedus</span> <span class='ocrx_word' id='word_1_135' title='bbox 996 1863 1047 1915; x_wconf 80' lang='lat' dir='ltr'>pro</span> <span class='ocrx_word' id='word_1_136' title='bbox 1064 1867 1093 1898; x_wconf 87' lang='lat' dir='ltr'>eo</span> <span class='ocrx_word' id='word_1_137' title='bbox 1112 1847 1183 1918; x_wconf 80' lang='lat' dir='ltr'>quod</span> <span class='ocrx_word' id='word_1_138' title='bbox 1199 1857 1239 1898; x_wconf 88' lang='lat' dir='ltr'>est</span> <span class='ocrx_word' id='word_1_139' title='bbox 1251 1847 1338 1918; x_wconf 85' lang='lat' dir='ltr'>fedus</span> <span class='ocrx_word' id='word_1_140' title='bbox 1353 1849 1398 1897; x_wconf 85' lang='lat' dir='ltr'>ba·</span> <span class='ocrx_word' id='word_1_141' title='bbox 1425 1851 1426 1910; x_wconf 70' lang='lat' dir='ltr'>l</span> 
     </span>
     <span class='ocr_line' id='line_1_19' title="bbox 287 1916 1426 1988; baseline 0 -18"><span class='ocrx_word' id='word_1_142' title='bbox 287 1920 387 1978; x_wconf 78' lang='lat' dir='ltr'>baisse,</span> <span class='ocrx_word' id='word_1_143' title='bbox 414 1921 485 1973; x_wconf 86' lang='lat' dir='ltr'>sicut</span> <span class='ocrx_word' id='word_1_144' title='bbox 509 1917 598 1968; x_wconf 78' lang='lat' dir='ltr'>hircus</span> <span class='ocrx_word' id='word_1_145' title='bbox 620 1935 669 1984; x_wconf 86' lang='lat' dir='ltr'>pro</span> <span class='ocrx_word' id='word_1_146' title='bbox 687 1916 775 1984; x_wconf 88' lang='lat' dir='ltr'>fircus</span> <span class='ocrx_word' id='word_1_147' title='bbox 797 1926 825 1966; x_wconf 89' lang='lat' dir='ltr'>et</span> <span class='ocrx_word' id='word_1_148' title='bbox 843 1917 948 1968; x_wconf 85' lang='lat' dir='ltr'>trabere</span> <span class='ocrx_word' id='word_1_149' title='bbox 963 1931 1013 1986; x_wconf 81' lang='lat' dir='ltr'>pro</span> <span class='ocrx_word' id='word_1_150' title='bbox 1031 1918 1144 1986; x_wconf 75' lang='lat' dir='ltr'>trusere.</span> <span class='ocrx_word' id='word_1_151' title='bbox 1179 1919 1252 1970; x_wconf 75' lang='lat' dir='ltr'>Haeo</span> <span class='ocrx_word' id='word_1_152' title='bbox 1270 1920 1398 1988; x_wconf 79' lang='lat' dir='ltr'>Apuleios,</span> <span class='ocrx_word' id='word_1_153' title='bbox 1425 1925 1426 1971; x_wconf 84' lang='lat' dir='ltr'>l</span> 
     </span>
     <span class='ocr_line' id='line_1_20' title="bbox 288 1977 1426 2060; baseline -0.004 -16"><span class='ocrx_word' id='word_1_154' title='bbox 288 1993 320 2044; x_wconf 83' lang='lat' dir='ltr'>de</span> <span class='ocrx_word' id='word_1_155' title='bbox 339 2000 390 2044; x_wconf 89' lang='lat' dir='ltr'>not.</span> <span class='ocrx_word' id='word_1_156' title='bbox 409 1994 486 2060; x_wconf 85' lang='lat' dir='ltr'>aspir.</span> <span class='ocrx_word' id='word_1_157' title='bbox 504 1994 546 2041; x_wconf 82' lang='lat'>13.</span> <span class='ocrx_word' id='word_1_158' title='bbox 566 2007 591 2056; x_wconf 87' lang='lat' dir='ltr'>p.</span> <span class='ocrx_word' id='word_1_159' title='bbox 608 1992 650 2040; x_wconf 82' lang='lat'>94.</span> <span class='ocrx_word' id='word_1_160' title='bbox 671 1988 782 2051; x_wconf 84' lang='lat' dir='ltr'>Osann,</span> <span class='ocrx_word' id='word_1_161' title='bbox 813 2003 863 2040; x_wconf 91' lang='lat' dir='ltr'>non</span> <span class='ocrx_word' id='word_1_162' title='bbox 881 1990 983 2055; x_wconf 89' lang='lat' dir='ltr'>optimis</span> <span class='ocrx_word' id='word_1_163' title='bbox 1000 1995 1029 2041; x_wconf 93' lang='lat' dir='ltr'>ut</span> <span class='ocrx_word' id='word_1_164' title='bbox 1046 1991 1148 2042; x_wconf 87' lang='lat' dir='ltr'>ridetur</span> <span class='ocrx_word' id='word_1_165' title='bbox 1166 1987 1288 2042; x_wconf 78' lang='lat' dir='ltr'>Varroffis</span> <span class='ocrx_word' id='word_1_166' title='bbox 1307 1991 1396 2043; x_wconf 82' lang='lat' dir='ltr'>codici-</span> <span class='ocrx_word' id='word_1_167' title='bbox 1425 1977 1426 2040; x_wconf 79' lang='lat' dir='ltr'>i</span> 
     </span>
     <span class='ocr_line' id='line_1_21' title="bbox 286 2049 1426 2124; baseline -0.003 -10"><span class='ocrx_word' id='word_1_168' title='bbox 286 2064 335 2114; x_wconf 87' lang='lat' dir='ltr'>bns</span> <span class='ocrx_word' id='word_1_169' title='bbox 352 2079 421 2116; x_wconf 88' lang='lat' dir='ltr'>usus.</span> <span class='ocrx_word' id='word_1_170' title='bbox 458 2064 498 2114; x_wconf 88' lang='lat' dir='ltr'>Dc</span> <span class='ocrx_word' id='word_1_171' title='bbox 515 2061 666 2112; x_wconf 83' lang='lat' dir='ltr'>Sabinorum</span> <span class='ocrx_word' id='word_1_172' title='bbox 684 2075 731 2109; x_wconf 88' lang='lat' dir='ltr'>usu</span> <span class='ocrx_word' id='word_1_173' title='bbox 750 2058 840 2110; x_wconf 81' lang='lat' dir='ltr'>literne</span> <span class='ocrx_word' id='word_1_174' title='bbox 857 2061 879 2110; x_wconf 83' lang='lat' dir='ltr'><strong>F</strong></span> <span class='ocrx_word' id='word_1_175' title='bbox 895 2061 990 2112; x_wconf 87' lang='lat' dir='ltr'>dictum</span> <span class='ocrx_word' id='word_1_176' title='bbox 1009 2069 1048 2110; x_wconf 89' lang='lat' dir='ltr'>est</span> <span class='ocrx_word' id='word_1_177' title='bbox 1065 2061 1127 2112; x_wconf 88' lang='lat' dir='ltr'>Rer.</span> <span class='ocrx_word' id='word_1_178' title='bbox 1141 2061 1243 2113; x_wconf 80' lang='lat' dir='ltr'>Etrusc.</span> <span class='ocrx_word' id='word_1_179' title='bbox 1266 2062 1362 2113; x_wconf 90' lang='lat' dir='ltr'>lutrod.</span> <span class='ocrx_word' id='word_1_180' title='bbox 1377 2066 1398 2124; x_wconf 90' lang='lat' dir='ltr'>l,</span> <span class='ocrx_word' id='word_1_181' title='bbox 1425 2049 1426 2080; x_wconf 60' lang='lat'>¹</span> 
     </span>
     <span class='ocr_line' id='line_1_22' title="bbox 287 2128 1398 2201; baseline -0.003 -17"><span class='ocrx_word' id='word_1_182' title='bbox 287 2139 328 2186; x_wconf 94' lang='lat'>11.</span> <span class='ocrx_word' id='word_1_183' title='bbox 346 2151 371 2200; x_wconf 88' lang='lat' dir='ltr'>p.</span> <span class='ocrx_word' id='word_1_184' title='bbox 380 2137 414 2185; x_wconf 84' lang='grc'>43</span> <span class='ocrx_word' id='word_1_185' title='bbox 423 2149 460 2199; x_wconf 88' lang='lat' dir='ltr'>sq.</span> <span class='ocrx_word' id='word_1_186' title='bbox 479 2137 506 2184; x_wconf 90' lang='lat' dir='ltr'>et</span> <span class='ocrx_word' id='word_1_187' title='bbox 520 2133 578 2182; x_wconf 83' lang='lat' dir='ltr'>uG.</span> <span class='ocrx_word' id='word_1_188' title='bbox 588 2128 781 2182; x_wconf 75' lang='lat' dir='ltr'>[⁴⁸.Grotesendo</span> <span class='ocrx_word' id='word_1_189' title='bbox 797 2130 884 2181; x_wconf 86' lang='lat' dir='ltr'>Neues</span> <span class='ocrx_word' id='word_1_190' title='bbox 892 2129 1029 2200; x_wconf 73' lang='lat' dir='ltr'>Arellius.</span> <span class='ocrx_word' id='word_1_191' title='bbox 1040 2130 1137 2182; x_wconf 83' lang='lat' dir='ltr'>Plrilol.</span> <span class='ocrx_word' id='word_1_192' title='bbox 1150 2149 1177 2182; x_wconf 80' lang='lat' dir='ltr'>u.</span> <span class='ocrx_word' id='word_1_193' title='bbox 1185 2131 1306 2201; x_wconf 79' lang='lat' dir='ltr'>Paedag.</span> <span class='ocrx_word' id='word_1_194' title='bbox 1325 2135 1398 2184; x_wconf 81' lang='lat'>1829.</span> 
     </span>
     <span class='ocr_line' id='line_1_23' title="bbox 288 2199 1426 2285; baseline -0.001 -32"><span class='ocrx_word' id='word_1_195' title='bbox 288 2222 313 2270; x_wconf 89' lang='lat' dir='ltr'>p.</span> <span class='ocrx_word' id='word_1_196' title='bbox 331 2208 389 2254; x_wconf 77' lang='lat'>123.</span> <span class='ocrx_word' id='word_1_197' title='bbox 519 2200 612 2265; x_wconf 79' lang='lat' dir='ltr'>ardus]</span> <span class='ocrx_word' id='word_1_198' title='bbox 638 2202 677 2251; x_wconf 79' lang='lat' dir='ltr'>lie</span> <span class='ocrx_word' id='word_1_199' title='bbox 695 2199 743 2250; x_wconf 83' lang='lat' dir='ltr'>lrec</span> <span class='ocrx_word' id='word_1_200' title='bbox 760 2202 870 2253; x_wconf 85' lang='lat' dir='ltr'>rusticae</span> <span class='ocrx_word' id='word_1_201' title='bbox 889 2208 915 2254; x_wconf 87' lang='lat' dir='ltr'>ct</span> <span class='ocrx_word' id='word_1_202' title='bbox 932 2202 1044 2253; x_wconf 79' lang='lat' dir='ltr'>tubanas</span> <span class='ocrx_word' id='word_1_203' title='bbox 1062 2203 1164 2268; x_wconf 79' lang='lat' dir='ltr'>linguae</span> <span class='ocrx_word' id='word_1_204' title='bbox 1182 2202 1324 2255; x_wconf 80' lang='lat' dir='ltr'>differentia</span> <span class='ocrx_word' id='word_1_205' title='bbox 1346 2203 1398 2265; x_wconf 80' lang='lat' dir='ltr'>Vll,</span> <span class='ocrx_word' id='word_1_206' title='bbox 1425 2215 1426 2285; x_wconf 63' lang='lat' dir='ltr'>p</span> 
     </span>
     <span class='ocr_line' id='line_1_24' title="bbox 286 2270 1397 2340; baseline 0.001 -15"><span class='ocrx_word' id='word_1_207' title='bbox 286 2279 328 2326; x_wconf 82' lang='lat'>96.</span> <span class='ocrx_word' id='word_1_208' title='bbox 363 2272 500 2325; x_wconf 87' lang='lat' dir='ltr'>Diomedes</span> <span class='ocrx_word' id='word_1_209' title='bbox 518 2272 551 2324; x_wconf 88' lang='lat' dir='ltr'>ll.</span> <span class='ocrx_word' id='word_1_210' title='bbox 571 2289 596 2338; x_wconf 90' lang='lat' dir='ltr'>p.</span> <span class='ocrx_word' id='word_1_211' title='bbox 611 2275 670 2323; x_wconf 76' lang='lat'>447.</span> <span class='ocrx_word' id='word_1_212' title='bbox 688 2270 793 2324; x_wconf 88' lang='lat' dir='ltr'>Putsch.</span> <span class='ocrx_word' id='word_1_213' title='bbox 811 2287 845 2323; x_wconf 89' lang='lat' dir='ltr'>ex</span> <span class='ocrx_word' id='word_1_214' title='bbox 860 2273 969 2326; x_wconf 90' lang='lat' dir='ltr'>Lucilio.</span> <span class='ocrx_word' id='word_1_215' title='bbox 1011 2274 1132 2340; x_wconf 79' lang='lat' dir='ltr'>Apuleius</span> <span class='ocrx_word' id='word_1_216' title='bbox 1151 2273 1185 2327; x_wconf 85' lang='lat' dir='ltr'>de</span> <span class='ocrx_word' id='word_1_217' title='bbox 1202 2273 1315 2340; x_wconf 81' lang='lat' dir='ltr'>orthogr.</span> <span class='ocrx_word' id='word_1_218' title='bbox 1335 2277 1357 2338; x_wconf 83' lang='lat'>§.</span> <span class='ocrx_word' id='word_1_219' title='bbox 1375 2277 1397 2326; x_wconf 83' lang='grc'>3.</span> 
     </span>
     <span class='ocr_line' id='line_1_25' title="bbox 232 2337 1398 2412; baseline -0.001 -16"><span class='ocrx_word' id='word_1_220' title='bbox 232 2357 233 2362; x_wconf 78' lang='grc'>’</span> <span class='ocrx_word' id='word_1_221' title='bbox 285 2363 309 2412; x_wconf 84' lang='grc' dir='ltr'>ρ.</span> <span class='ocrx_word' id='word_1_222' title='bbox 322 2349 382 2398; x_wconf 78' lang='grc'><strong>125.</strong></span> <span class='ocrx_word' id='word_1_223' title='bbox 401 2346 494 2396; x_wconf 83' lang='lat' dir='ltr'>Osann.</span> <span class='ocrx_word' id='word_1_224' title='bbox 520 2359 576 2396; x_wconf 87' lang='lat' dir='ltr'>cum</span> <span class='ocrx_word' id='word_1_225' title='bbox 596 2344 671 2395; x_wconf 81' lang='lat' dir='ltr'>dicit:</span> <span class='ocrx_word' id='word_1_226' title='bbox 696 2337 808 2392; x_wconf 82' lang='lat' dir='ltr'>Haedus</span> <span class='ocrx_word' id='word_1_227' title='bbox 832 2343 924 2397; x_wconf 80' lang='lat' dir='ltr'>scribit</span> <span class='ocrx_word' id='word_1_228' title='bbox 952 2342 1089 2395; x_wconf 77' lang='lat' dir='ltr'>Terentius</span> <span class='ocrx_word' id='word_1_229' title='bbox 1110 2344 1196 2396; x_wconf 88' lang='lat' dir='ltr'>Varro</span> <span class='ocrx_word' id='word_1_230' title='bbox 1220 2345 1249 2396; x_wconf 86' lang='lat' dir='ltr'>in</span> <span class='ocrx_word' id='word_1_231' title='bbox 1272 2344 1348 2396; x_wconf 85' lang='lat' dir='ltr'>libris</span> <span class='ocrx_word' id='word_1_232' title='bbox 1371 2345 1398 2395; x_wconf 84' lang='lat' dir='ltr'>de</span> 
     </span>
     <span class='ocr_line' id='line_1_26' title="bbox 285 2412 1426 2502; baseline 0 -37"><span class='ocrx_word' id='word_1_233' title='bbox 285 2414 385 2485; x_wconf 84' lang='lat' dir='ltr'>origine</span> <span class='ocrx_word' id='word_1_234' title='bbox 402 2415 517 2464; x_wconf 83' lang='lat' dir='ltr'>Latinae</span> <span class='ocrx_word' id='word_1_235' title='bbox 535 2415 643 2484; x_wconf 83' lang='lat' dir='ltr'>linguae</span> <span class='ocrx_word' id='word_1_236' title='bbox 660 2412 817 2484; x_wconf 80' lang='lat' dir='ltr'>quibusdam</span> <span class='ocrx_word' id='word_1_237' title='bbox 832 2413 964 2481; x_wconf 82' lang='lat' dir='ltr'>placuisse</span> <span class='ocrx_word' id='word_1_238' title='bbox 978 2432 1027 2483; x_wconf 83' lang='lat' dir='ltr'>per</span> <span class='ocrx_word' id='word_1_239' title='bbox 1039 2413 1093 2465; x_wconf 85' lang='grc' dir='ltr'>ΑΕ</span> <span class='ocrx_word' id='word_1_240' title='bbox 1108 2413 1289 2486; x_wconf 77' lang='lat' dir='ltr'>diphthongon</span> <span class='ocrx_word' id='word_1_241' title='bbox 1306 2416 1399 2479; x_wconf 87' lang='lat' dir='ltr'>notari,</span> <span class='ocrx_word' id='word_1_242' title='bbox 1425 2419 1426 2502; x_wconf 55' lang='lat' dir='ltr'>p</span> 
     </span>
     <span class='ocr_line' id='line_1_27' title="bbox 284 2483 1426 2554; baseline 0.002 -18"><span class='ocrx_word' id='word_1_243' title='bbox 284 2495 316 2536; x_wconf 89' lang='lat' dir='ltr'>ut</span> <span class='ocrx_word' id='word_1_244' title='bbox 334 2505 352 2536; x_wconf 91' lang='lat' dir='ltr'>o</span> <span class='ocrx_word' id='word_1_245' title='bbox 369 2484 446 2538; x_wconf 77' lang='lat' dir='ltr'>rerba</span> <span class='ocrx_word' id='word_1_246' title='bbox 462 2484 510 2536; x_wconf 86' lang='lat' dir='ltr'>edo</span> <span class='ocrx_word' id='word_1_247' title='bbox 527 2485 555 2535; x_wconf 91' lang='lat' dir='ltr'>in</span> <span class='ocrx_word' id='word_1_248' title='bbox 573 2483 728 2554; x_wconf 85' lang='lat' dir='ltr'>quibusdam</span> <span class='ocrx_word' id='word_1_249' title='bbox 747 2483 804 2534; x_wconf 86' lang='lat' dir='ltr'>suis</span> <span class='ocrx_word' id='word_1_250' title='bbox 823 2484 928 2535; x_wconf 89' lang='lat' dir='ltr'>casibus</span> <span class='ocrx_word' id='word_1_251' title='bbox 946 2483 1125 2552; x_wconf 59' lang='lat' dir='ltr'>discreparem</span> <span class='ocrx_word' id='word_1_252' title='bbox 1154 2485 1217 2537; x_wconf 84' lang='lat' dir='ltr'>aliis</span> <span class='ocrx_word' id='word_1_253' title='bbox 1235 2504 1296 2537; x_wconf 79' lang='lat' dir='ltr'>vero</span> <span class='ocrx_word' id='word_1_254' title='bbox 1317 2487 1397 2538; x_wconf 78' lang='lat' dir='ltr'>visuro</span> <span class='ocrx_word' id='word_1_255' title='bbox 1425 2503 1426 2538; x_wconf 64' lang='lat' dir='ltr'>t</span> 
     </span>
     <span class='ocr_line' id='line_1_28' title="bbox 283 2549 1426 2624; baseline 0.003 -20"><span class='ocrx_word' id='word_1_256' title='bbox 283 2573 339 2609; x_wconf 79' lang='lat' dir='ltr'>esse</span> <span class='ocrx_word' id='word_1_257' title='bbox 356 2557 413 2620; x_wconf 88' lang='lat' dir='ltr'>ait,</span> <span class='ocrx_word' id='word_1_258' title='bbox 438 2565 470 2606; x_wconf 85' lang='lat' dir='ltr'>ut</span> <span class='ocrx_word' id='word_1_259' title='bbox 487 2555 659 2622; x_wconf 80' lang='lat' dir='ltr'>aspirationis</span> <span class='ocrx_word' id='word_1_260' title='bbox 682 2564 747 2606; x_wconf 84' lang='lat' dir='ltr'>uota</span> <span class='ocrx_word' id='word_1_261' title='bbox 769 2553 840 2604; x_wconf 85' lang='lat' dir='ltr'>banc</span> <span class='ocrx_word' id='word_1_262' title='bbox 864 2554 1040 2624; x_wconf 72' lang='lat' dir='ltr'>differentiam</span> <span class='ocrx_word' id='word_1_263' title='bbox 1060 2553 1185 2623; x_wconf 87' lang='lat' dir='ltr'>faceret,</span> <span class='ocrx_word' id='word_1_264' title='bbox 1209 2573 1259 2608; x_wconf 88' lang='lat' dir='ltr'>non</span> <span class='ocrx_word' id='word_1_265' title='bbox 1277 2558 1326 2610; x_wconf 90' lang='lat' dir='ltr'>boc</span> <span class='ocrx_word' id='word_1_266' title='bbox 1343 2561 1394 2610; x_wconf 86' lang='lat' dir='ltr'>solo</span> <span class='ocrx_word' id='word_1_267' title='bbox 1425 2549 1426 2562; x_wconf 46' lang='lat'>¹</span> 
     </span>
     <span class='ocr_line' id='line_1_29' title="bbox 285 2619 1426 2694; baseline 0.003 -16"><span class='ocrx_word' id='word_1_268' title='bbox 285 2629 342 2678; x_wconf 92' lang='lat' dir='ltr'>loco</span> <span class='ocrx_word' id='word_1_269' title='bbox 360 2642 421 2678; x_wconf 88' lang='lat' dir='ltr'>usus</span> <span class='ocrx_word' id='word_1_270' title='bbox 440 2641 498 2678; x_wconf 87' lang='lat' dir='ltr'>esse</span> <span class='ocrx_word' id='word_1_271' title='bbox 513 2625 622 2677; x_wconf 89' lang='lat' dir='ltr'>ridetur.</span> <span class='ocrx_word' id='word_1_272' title='bbox 761 2623 867 2674; x_wconf 80' lang='lat' dir='ltr'>Sabinis</span> <span class='ocrx_word' id='word_1_273' title='bbox 885 2625 997 2691; x_wconf 82' lang='lat' dir='ltr'>dictum]</span> <span class='ocrx_word' id='word_1_274' title='bbox 1015 2628 1080 2678; x_wconf 86' lang='lat' dir='ltr'>coni.</span> <span class='ocrx_word' id='word_1_275' title='bbox 1115 2623 1208 2678; x_wconf 84' lang='lat' dir='ltr'>Sabini</span> <span class='ocrx_word' id='word_1_276' title='bbox 1227 2627 1340 2694; x_wconf 83' lang='lat' dir='ltr'>(Sabino</span> <span class='ocrx_word' id='word_1_277' title='bbox 1353 2629 1398 2694; x_wconf 80' lang='lat' dir='ltr'>ll.)</span> <span class='ocrx_word' id='word_1_278' title='bbox 1425 2619 1426 2690; x_wconf 74' lang='lat' dir='ltr'>i</span> 
     </span>
     <span class='ocr_line' id='line_1_30' title="bbox 285 2695 1426 2763; baseline 0.005 -19"><span class='ocrx_word' id='word_1_279' title='bbox 285 2697 355 2746; x_wconf 86' lang='lat' dir='ltr'>dicto</span> <span class='ocrx_word' id='word_1_280' title='bbox 373 2695 446 2748; x_wconf 87' lang='lat' dir='ltr'>codd.</span> <span class='ocrx_word' id='word_1_281' title='bbox 622 2695 772 2746; x_wconf 81' lang='lat' dir='ltr'><em>APRIMO</em></span> <span class='ocrx_word' id='word_1_282' title='bbox 789 2697 989 2760; x_wconf 83' lang='lat' dir='ltr'><em>PORCOPOR]</em></span> <span class='ocrx_word' id='word_1_283' title='bbox 1008 2697 1125 2750; x_wconf 90' lang='lat' dir='ltr'>codicum</span> <span class='ocrx_word' id='word_1_284' title='bbox 1143 2699 1230 2750; x_wconf 80' lang='lat' dir='ltr'>literas</span> <span class='ocrx_word' id='word_1_285' title='bbox 1247 2699 1361 2763; x_wconf 85' lang='lat' dir='ltr'>reddidi,</span> <span class='ocrx_word' id='word_1_286' title='bbox 1377 2701 1398 2751; x_wconf 89' lang='lat' dir='ltr'>iu</span> <span class='ocrx_word' id='word_1_287' title='bbox 1425 2699 1426 2706; x_wconf 77' lang='grc'>’</span> 
     </span>
     <span class='ocr_line' id='line_1_31' title="bbox 284 2765 1426 2834; baseline 0.004 -18"><span class='ocrx_word' id='word_1_288' title='bbox 284 2765 377 2832; x_wconf 87' lang='lat' dir='ltr'>quibus</span> <span class='ocrx_word' id='word_1_289' title='bbox 396 2769 475 2818; x_wconf 81' lang='lat' dir='ltr'>latere</span> <span class='ocrx_word' id='word_1_290' title='bbox 493 2773 555 2832; x_wconf 88' lang='lat' dir='ltr'>puto</span> <span class='ocrx_word' id='word_1_291' title='bbox 574 2765 706 2817; x_wconf 81' lang='lat' dir='ltr'>formulam</span> <span class='ocrx_word' id='word_1_292' title='bbox 724 2766 922 2818; x_wconf 80' lang='lat' dir='ltr'>sacrificulorum</span> <span class='ocrx_word' id='word_1_293' title='bbox 938 2767 1105 2832; x_wconf 83' lang='lat' dir='ltr'>Sabinorum,</span> <span class='ocrx_word' id='word_1_294' title='bbox 1122 2769 1229 2822; x_wconf 85' lang='lat' dir='ltr'>similem</span> <span class='ocrx_word' id='word_1_295' title='bbox 1248 2771 1398 2834; x_wconf 78' lang='lat' dir='ltr'>Eleusiniis,</span> <span class='ocrx_word' id='word_1_296' title='bbox 1425 2775 1426 2812; x_wconf 72' lang='grc' dir='ltr'><strong>ἓ</strong></span> 
     </span>
     <span class='ocr_line' id='line_1_32' title="bbox 283 2831 1426 2909; baseline 0.004 -22"><span class='ocrx_word' id='word_1_297' title='bbox 283 2852 350 2901; x_wconf 82' lang='lat' dir='ltr'>quae</span> <span class='ocrx_word' id='word_1_298' title='bbox 381 2837 511 2902; x_wconf 84' lang='lat' dir='ltr'>sequitur,</span> <span class='ocrx_word' id='word_1_299' title='bbox 546 2843 572 2887; x_wconf 85' lang='lat' dir='ltr'>et</span> <span class='ocrx_word' id='word_1_300' title='bbox 596 2836 737 2886; x_wconf 80' lang='lat' dir='ltr'>tabularum</span> <span class='ocrx_word' id='word_1_301' title='bbox 767 2835 928 2900; x_wconf 76' lang='lat' dir='ltr'>lgnrirrrrum</span> <span class='ocrx_word' id='word_1_302' title='bbox 959 2838 1044 2889; x_wconf 88' lang='lat' dir='ltr'>verbis</span> <span class='ocrx_word' id='word_1_303' title='bbox 1069 2840 1228 2904; x_wconf 80' lang='lat' dir='ltr'>solennibus,</span> <span class='ocrx_word' id='word_1_304' title='bbox 1257 2842 1283 2892; x_wconf 90' lang='lat' dir='ltr'>in</span> <span class='ocrx_word' id='word_1_305' title='bbox 1309 2843 1398 2909; x_wconf 87' lang='lat' dir='ltr'>quibus</span> <span class='ocrx_word' id='word_1_306' title='bbox 1425 2831 1426 2876; x_wconf 54' lang='lat'>7</span> 
     </span>
     <span class='ocr_line' id='line_1_33' title="bbox 283 2905 1426 2975; baseline 0.005 -17"><span class='ocrx_word' id='word_1_307' title='bbox 283 2907 428 2960; x_wconf 83' lang='lat' dir='ltr'><strong>APRVPH</strong></span> <span class='ocrx_word' id='word_1_308' title='bbox 447 2913 472 2958; x_wconf 91' lang='lat' dir='ltr'>et</span> <span class='ocrx_word' id='word_1_309' title='bbox 484 2907 607 2960; x_wconf 85' lang='lat' dir='ltr'>PVRKA</span> <span class='ocrx_word' id='word_1_310' title='bbox 620 2922 697 2972; x_wconf 80' lang='lat' dir='ltr'>saepe</span> <span class='ocrx_word' id='word_1_311' title='bbox 713 2913 854 2960; x_wconf 86' lang='lat' dir='ltr'>recurrunt.</span> <span class='ocrx_word' id='word_1_312' title='bbox 878 2908 950 2960; x_wconf 86' lang='lat' dir='ltr'>POR</span> <span class='ocrx_word' id='word_1_313' title='bbox 960 2905 1059 2960; x_wconf 91' lang='lat' dir='ltr'>videtur</span> <span class='ocrx_word' id='word_1_314' title='bbox 1071 2911 1096 2960; x_wconf 90' lang='lat' dir='ltr'>iu</span> <span class='ocrx_word' id='word_1_315' title='bbox 1109 2911 1298 2975; x_wconf 77' lang='lat' dir='ltr'>lingurSobinu</span> <span class='ocrx_word' id='word_1_316' title='bbox 1311 2913 1397 2965; x_wconf 80' lang='lat' dir='ltr'>cadem</span> <span class='ocrx_word' id='word_1_317' title='bbox 1425 2919 1426 2932; x_wconf 65' lang='lat'>¹</span> 
     </span>
     <span class='ocr_line' id='line_1_34' title="bbox 283 2976 1426 3046; baseline 0.006 -17"><span class='ocrx_word' id='word_1_318' title='bbox 283 2993 339 3030; x_wconf 83' lang='lat' dir='ltr'>csse</span> <span class='ocrx_word' id='word_1_319' title='bbox 358 2979 516 3042; x_wconf 81' lang='lat' dir='ltr'>terminatio,</span> <span class='ocrx_word' id='word_1_320' title='bbox 544 2979 652 3044; x_wconf 85' lang='lat' dir='ltr'>quaein</span> <span class='ocrx_word' id='word_1_321' title='bbox 676 2976 725 3028; x_wconf 89' lang='lat' dir='ltr'>illis</span> <span class='ocrx_word' id='word_1_322' title='bbox 744 2978 865 3030; x_wconf 82' lang='lat' dir='ltr'>Umbriae</span> <span class='ocrx_word' id='word_1_323' title='bbox 888 2980 1048 3030; x_wconf 87' lang='lat' dir='ltr'>monimentis</span> <span class='ocrx_word' id='word_1_324' title='bbox 1072 2979 1145 3032; x_wconf 81' lang='lat' dir='ltr'>PER</span> <span class='ocrx_word' id='word_1_325' title='bbox 1163 2983 1189 3034; x_wconf 88' lang='lat' dir='ltr'>iu</span> <span class='ocrx_word' id='word_1_326' title='bbox 1207 2982 1398 3036; x_wconf 83' lang='lat' dir='ltr'>POPLVPER</span> <span class='ocrx_word' id='word_1_327' title='bbox 1425 3023 1426 3046; x_wconf 73' lang='lat'>,</span> 
     </span>
     <span class='ocr_line' id='line_1_35' title="bbox 283 3047 1426 3118; baseline 0.003 -18"><span class='ocrx_word' id='word_1_328' title='bbox 283 3056 310 3100; x_wconf 90' lang='lat' dir='ltr'>et</span> <span class='ocrx_word' id='word_1_329' title='bbox 327 3049 458 3102; x_wconf 85' lang='lat' dir='ltr'>similibus.</span> <span class='ocrx_word' id='word_1_330' title='bbox 599 3047 669 3114; x_wconf 86' lang='lat' dir='ltr'>inde]</span> <span class='ocrx_word' id='word_1_331' title='bbox 687 3063 728 3113; x_wconf 81' lang='lat' dir='ltr'>rg.</span> <span class='ocrx_word' id='word_1_332' title='bbox 764 3048 808 3099; x_wconf 82' lang='lat' dir='ltr'>ide</span> <span class='ocrx_word' id='word_1_333' title='bbox 826 3049 891 3116; x_wconf 84' lang='lat' dir='ltr'>(idie</span> <span class='ocrx_word' id='word_1_334' title='bbox 910 3049 985 3114; x_wconf 87' lang='lat' dir='ltr'>GH.)</span> <span class='ocrx_word' id='word_1_335' title='bbox 1005 3051 1078 3102; x_wconf 89' lang='lat' dir='ltr'>codd.</span> <span class='ocrx_word' id='word_1_336' title='bbox 1098 3052 1279 3118; x_wconf 76' lang='lat' dir='ltr'>coniungentes</span> <span class='ocrx_word' id='word_1_337' title='bbox 1298 3055 1324 3106; x_wconf 94' lang='lat' dir='ltr'>id</span> <span class='ocrx_word' id='word_1_338' title='bbox 1344 3071 1398 3106; x_wconf 89' lang='lat' dir='ltr'>cnm</span> <span class='ocrx_word' id='word_1_339' title='bbox 1425 3063 1426 3104; x_wconf 69' lang='grc' dir='ltr'>ῑ</span> 
     </span>
     <span class='ocr_line' id='line_1_36' title="bbox 279 3116 1426 3191; baseline 0.007 -25"><span class='ocrx_word' id='word_1_340' title='bbox 279 3137 340 3185; x_wconf 78' lang='lat' dir='ltr'>por.</span> <span class='ocrx_word' id='word_1_341' title='bbox 488 3121 530 3167; x_wconf 86' lang='lat' dir='ltr'>De</span> <span class='ocrx_word' id='word_1_342' title='bbox 553 3116 627 3170; x_wconf 81' lang='lat' dir='ltr'>libris</span> <span class='ocrx_word' id='word_1_343' title='bbox 645 3136 779 3170; x_wconf 87' lang='lat' dir='ltr'>sacrorum</span> <span class='ocrx_word' id='word_1_344' title='bbox 797 3120 901 3172; x_wconf 86' lang='lat' dir='ltr'>Atticis</span> <span class='ocrx_word' id='word_1_345' title='bbox 924 3121 1013 3172; x_wconf 85' lang='lat' dir='ltr'>iisdem</span> <span class='ocrx_word' id='word_1_346' title='bbox 1034 3123 1104 3188; x_wconf 86' lang='lat' dir='ltr'>loqui</span> <span class='ocrx_word' id='word_1_347' title='bbox 1121 3123 1234 3188; x_wconf 82' lang='lat' dir='ltr'>videtur,</span> <span class='ocrx_word' id='word_1_348' title='bbox 1260 3126 1292 3176; x_wconf 91' lang='lat' dir='ltr'>de</span> <span class='ocrx_word' id='word_1_349' title='bbox 1310 3128 1398 3191; x_wconf 86' lang='lat' dir='ltr'>qulbus</span> <span class='ocrx_word' id='word_1_350' title='bbox 1425 3133 1426 3142; x_wconf 62' lang='lat'>¹</span> 
     </span>
     <span class='ocr_line' id='line_1_37' title="bbox 283 3186 1426 3260; baseline 0.007 -22"><span class='ocrx_word' id='word_1_351' title='bbox 283 3188 374 3238; x_wconf 85' lang='lat' dir='ltr'>Cicero</span> <span class='ocrx_word' id='word_1_352' title='bbox 400 3191 431 3240; x_wconf 82' lang='lat' dir='ltr'>ud</span> <span class='ocrx_word' id='word_1_353' title='bbox 451 3191 563 3240; x_wconf 82' lang='lat' dir='ltr'>Atticum</span> <span class='ocrx_word' id='word_1_354' title='bbox 581 3191 608 3254; x_wconf 96' lang='lat' dir='ltr'>l,</span> <span class='ocrx_word' id='word_1_355' title='bbox 626 3194 667 3252; x_wconf 89' lang='grc'>9.,</span> <span class='ocrx_word' id='word_1_356' title='bbox 699 3189 783 3242; x_wconf 87' lang='lat' dir='ltr'>idest</span> <span class='ocrx_word' id='word_1_357' title='bbox 807 3191 840 3243; x_wconf 91' lang='lat' dir='ltr'>de</span> <span class='ocrx_word' id='word_1_358' title='bbox 856 3186 1027 3250; x_wconf 76' lang='grc' dir='ltr'><em>Εὐμολπιδῶν</em></span> <span class='ocrx_word' id='word_1_359' title='bbox 1051 3198 1183 3260; x_wconf 72' lang='grc' dir='ltr'><strong><em>πατρίοις,</em></strong></span> <span class='ocrx_word' id='word_1_360' title='bbox 1212 3210 1242 3246; x_wconf 79' lang='lat' dir='ltr'>en</span> <span class='ocrx_word' id='word_1_361' title='bbox 1266 3203 1352 3248; x_wconf 77' lang='lat' dir='ltr'>aetate</span> <span class='ocrx_word' id='word_1_362' title='bbox 1374 3198 1397 3247; x_wconf 92' lang='lat' dir='ltr'>iu</span> <span class='ocrx_word' id='word_1_363' title='bbox 1425 3223 1426 3226; x_wconf 63' lang='lat'><em>=</em></span> 
     </span>
     <span class='ocr_line' id='line_1_38' title="bbox 283 3258 1397 3335; baseline 0.005 -27"><span class='ocrx_word' id='word_1_364' title='bbox 283 3259 412 3326; x_wconf 86' lang='lat' dir='ltr'>publicum</span> <span class='ocrx_word' id='word_1_365' title='bbox 430 3259 512 3311; x_wconf 87' lang='lat' dir='ltr'>editis.</span> <span class='ocrx_word' id='word_1_366' title='bbox 541 3259 580 3310; x_wconf 82' lang='lat' dir='ltr'>Cf.</span> <span class='ocrx_word' id='word_1_367' title='bbox 600 3262 633 3312; x_wconf 86' lang='lat' dir='ltr'>R.</span> <span class='ocrx_word' id='word_1_368' title='bbox 641 3261 674 3312; x_wconf 86' lang='lat' dir='ltr'>R.</span> <span class='ocrx_word' id='word_1_369' title='bbox 689 3260 723 3324; x_wconf 87' lang='lat' dir='ltr'>ll,</span> <span class='ocrx_word' id='word_1_370' title='bbox 742 3264 767 3313; x_wconf 88' lang='grc'>4.</span> <span class='ocrx_word' id='word_1_371' title='bbox 906 3258 995 3332; x_wconf 73' lang='grc' dir='ltr'><strong><em>κάπρῳ</em></strong></span> <span class='ocrx_word' id='word_1_372' title='bbox 1014 3267 1058 3312; x_wconf 80' lang='grc' dir='ltr'>καὶ</span> <span class='ocrx_word' id='word_1_373' title='bbox 1074 3260 1171 3332; x_wconf 59' lang='lat' dir='ltr'>nigrior]</span> <span class='ocrx_word' id='word_1_374' title='bbox 1189 3279 1230 3330; x_wconf 83' lang='lat' dir='ltr'>vg.</span> <span class='ocrx_word' id='word_1_375' title='bbox 1266 3275 1308 3315; x_wconf 83' lang='lat' dir='ltr'>est</span> <span class='ocrx_word' id='word_1_376' title='bbox 1322 3284 1397 3335; x_wconf 78' lang='lat' dir='ltr'>porse</span> 
     </span>
     <span class='ocr_line' id='line_1_39' title="bbox 282 3329 1398 3404; baseline 0.007 -26"><span class='ocrx_word' id='word_1_377' title='bbox 282 3329 368 3396; x_wconf 80' lang='lat' dir='ltr'>(poris</span> <span class='ocrx_word' id='word_1_378' title='bbox 386 3331 434 3396; x_wconf 75' lang='lat' dir='ltr'>G.)</span> <span class='ocrx_word' id='word_1_379' title='bbox 451 3347 530 3397; x_wconf 83' lang='lat' dir='ltr'>porca</span> <span class='ocrx_word' id='word_1_380' title='bbox 548 3330 621 3382; x_wconf 87' lang='lat' dir='ltr'>codd.</span> <span class='ocrx_word' id='word_1_381' title='bbox 663 3340 703 3381; x_wconf 87' lang='lat' dir='ltr'>est</span> <span class='ocrx_word' id='word_1_382' title='bbox 727 3331 789 3384; x_wconf 90' lang='lat' dir='ltr'>illud</span> <span class='ocrx_word' id='word_1_383' title='bbox 807 3337 890 3384; x_wconf 85' lang='lat' dir='ltr'>ortum</span> <span class='ocrx_word' id='word_1_384' title='bbox 908 3349 941 3386; x_wconf 83' lang='lat' dir='ltr'>ex</span> <span class='ocrx_word' id='word_1_385' title='bbox 960 3351 991 3383; x_wconf 89' lang='lat' dir='ltr'>ca</span> <span class='ocrx_word' id='word_1_386' title='bbox 1016 3336 1042 3386; x_wconf 89' lang='lat' dir='ltr'>in</span> <span class='ocrx_word' id='word_1_387' title='bbox 1059 3352 1155 3402; x_wconf 85' lang='lat' dir='ltr'>capro,·</span> <span class='ocrx_word' id='word_1_388' title='bbox 1187 3343 1344 3404; x_wconf 78' lang='lat' dir='ltr'>quapropter</span> <span class='ocrx_word' id='word_1_389' title='bbox 1368 3355 1398 3388; x_wconf 87' lang='lat' dir='ltr'>eo</span> 
     </span>
     <span class='ocr_line' id='line_1_40' title="bbox 282 3401 1426 3522; baseline 0.01 -71"><span class='ocrx_word' id='word_1_390' title='bbox 282 3401 379 3522; x_wconf 70' lang='lat' dir='ltr'>pmisso</span> <span class='ocrx_word' id='word_1_391' title='bbox 398 3403 533 3454; x_wconf 86' lang='lat' dir='ltr'>lectionem</span> <span class='ocrx_word' id='word_1_392' title='bbox 552 3402 587 3454; x_wconf 85' lang='lat' dir='ltr'>G.</span> <span class='ocrx_word' id='word_1_393' title='bbox 606 3408 633 3452; x_wconf 90' lang='lat' dir='ltr'>et</span> <span class='ocrx_word' id='word_1_394' title='bbox 650 3417 690 3468; x_wconf 82' lang='lat' dir='ltr'>vg.</span> <span class='ocrx_word' id='word_1_395' title='bbox 717 3403 845 3470; x_wconf 76' lang='lat' dir='ltr'>scriptum</span> <span class='ocrx_word' id='word_1_396' title='bbox 862 3405 996 3474; x_wconf 84' lang='lat' dir='ltr'>postposui</span> <span class='ocrx_word' id='word_1_397' title='bbox 1013 3406 1052 3469; x_wconf 91' lang='lat' dir='ltr'>ei,</span> <span class='ocrx_word' id='word_1_398' title='bbox 1076 3421 1153 3471; x_wconf 82' lang='lat' dir='ltr'>quum</span> <span class='ocrx_word' id='word_1_399' title='bbox 1173 3412 1232 3459; x_wconf 82' lang='lat' dir='ltr'>cett</span> <span class='ocrx_word' id='word_1_400' title='bbox 1252 3408 1327 3460; x_wconf 90' lang='lat' dir='ltr'>codd.</span> <span class='ocrx_word' id='word_1_401' title='bbox 1354 3408 1396 3459; x_wconf 84' lang='lat' dir='ltr'>bu·</span> <span class='ocrx_word' id='word_1_402' title='bbox 1425 3459 1426 3464; x_wconf 75' lang='grc'>,</span> 
     </span>
     <span class='ocr_line' id='line_1_41' title="bbox 300 3473 1426 3541; baseline 0.005 -18"><span class='ocrx_word' id='word_1_403' title='bbox 300 3478 358 3524; x_wconf 85' lang='lat' dir='ltr'>ent:</span> <span class='ocrx_word' id='word_1_404' title='bbox 386 3473 496 3541; x_wconf 79' lang='lat' dir='ltr'>scripta.</span> <span class='ocrx_word' id='word_1_405' title='bbox 1272 3529 1276 3540; x_wconf 66' lang='grc'><strong>,</strong></span> <span class='ocrx_word' id='word_1_406' title='bbox 1425 3511 1426 3538; x_wconf 66' lang='lat'>.</span> 
     </span>
    </p>
   </div>
   <div class='ocr_carea' id='block_1_6' title="bbox 218 3577 1426 4371">
    <p class='ocr_par' dir='ltr' id='par_1_7' title="bbox 281 3577 1426 4299">
     <span class='ocr_line' id='line_1_42' title="bbox 393 3577 1426 3665; baseline 0.003 -24"><span class='ocrx_word' id='word_1_407' title='bbox 393 3577 444 3641; x_wconf 80' lang='grc'>98.</span> <span class='ocrx_word' id='word_1_408' title='bbox 468 3586 595 3658; x_wconf 79' lang='lat' dir='ltr'>quodJH.</span> <span class='ocrx_word' id='word_1_409' title='bbox 631 3584 676 3655; x_wconf 82' lang='lat' dir='ltr'>qui</span> <span class='ocrx_word' id='word_1_410' title='bbox 694 3592 754 3638; x_wconf 86' lang='lat' dir='ltr'>cett.</span> <span class='ocrx_word' id='word_1_411' title='bbox 882 3589 953 3654; x_wconf 87' lang='lat' dir='ltr'>euru]</span> <span class='ocrx_word' id='word_1_412' title='bbox 971 3605 1012 3656; x_wconf 81' lang='lat' dir='ltr'>vg.</span> <span class='ocrx_word' id='word_1_413' title='bbox 1047 3607 1107 3641; x_wconf 85' lang='lat' dir='ltr'>eam</span> <span class='ocrx_word' id='word_1_414' title='bbox 1125 3593 1199 3645; x_wconf 90' lang='lat' dir='ltr'>codd.</span> <span class='ocrx_word' id='word_1_415' title='bbox 1324 3591 1395 3665; x_wconf 63' lang='lat' dir='ltr'>ciprii]</span> <span class='ocrx_word' id='word_1_416' title='bbox 1425 3593 1426 3644; x_wconf 57' lang='lat' dir='ltr'>i</span> 
     </span>
     <span class='ocr_line' id='line_1_43' title="bbox 282 3657 1426 3734; baseline 0.004 -23"><span class='ocrx_word' id='word_1_417' title='bbox 282 3663 346 3712; x_wconf 87' lang='lat' dir='ltr'>coni.</span> <span class='ocrx_word' id='word_1_418' title='bbox 384 3680 444 3714; x_wconf 85' lang='lat' dir='ltr'>ares</span> <span class='ocrx_word' id='word_1_419' title='bbox 462 3661 536 3712; x_wconf 89' lang='lat' dir='ltr'>codd.</span> <span class='ocrx_word' id='word_1_420' title='bbox 562 3662 664 3726; x_wconf 84' lang='lat' dir='ltr'>praeter</span> <span class='ocrx_word' id='word_1_421' title='bbox 681 3657 706 3708; x_wconf 90' lang='lat' dir='ltr'>b.</span> <span class='ocrx_word' id='word_1_422' title='bbox 725 3658 767 3723; x_wconf 88' lang='lat' dir='ltr'>qui</span> <span class='ocrx_word' id='word_1_423' title='bbox 786 3674 856 3728; x_wconf 59' lang='lat' dir='ltr'>cygn</span> <span class='ocrx_word' id='word_1_424' title='bbox 873 3665 902 3711; x_wconf 91' lang='lat' dir='ltr'>nt</span> <span class='ocrx_word' id='word_1_425' title='bbox 920 3660 1028 3713; x_wconf 85' lang='lat' dir='ltr'>videtur.</span> <span class='ocrx_word' id='word_1_426' title='bbox 1070 3662 1166 3720; x_wconf 85' lang='lat' dir='ltr'>Aries,</span> <span class='ocrx_word' id='word_1_427' title='bbox 1193 3663 1240 3734; x_wconf 79' lang='lat' dir='ltr'>qui</span> <span class='ocrx_word' id='word_1_428' title='bbox 1257 3663 1342 3717; x_wconf 84' lang='lat' dir='ltr'>etium</span> <span class='ocrx_word' id='word_1_429' title='bbox 1361 3667 1399 3716; x_wconf 85' lang='lat' dir='ltr'>di-</span> <span class='ocrx_word' id='word_1_430' title='bbox 1425 3679 1426 3682; x_wconf 77' lang='grc'>’</span> 
     </span>
     <span class='ocr_line' id='line_1_44' title="bbox 284 3727 1398 3798; baseline 0.007 -19"><span class='ocrx_word' id='word_1_431' title='bbox 284 3731 394 3781; x_wconf 81' lang='lat' dir='ltr'>rebatur</span> <span class='ocrx_word' id='word_1_432' title='bbox 411 3751 486 3794; x_wconf 86' lang='lat' dir='ltr'>ares,</span> <span class='ocrx_word' id='word_1_433' title='bbox 507 3738 608 3782; x_wconf 79' lang='lat' dir='ltr'>veteres</span> <span class='ocrx_word' id='word_1_434' title='bbox 625 3727 710 3778; x_wconf 90' lang='lat' dir='ltr'>nostri</span> <span class='ocrx_word' id='word_1_435' title='bbox 727 3727 837 3798; x_wconf 69' lang='lat' dir='ltr'>arrigo,</span> <span class='ocrx_word' id='word_1_436' title='bbox 854 3729 916 3780; x_wconf 83' lang='lat' dir='ltr'>bina</span> <span class='ocrx_word' id='word_1_437' title='bbox 933 3732 1043 3796; x_wconf 71' lang='lat' dir='ltr'>arvigas</span> <span class='ocrx_word' id='word_1_438' title='bbox 1060 3733 1226 3786; x_wconf 79' lang='lat' dir='ltr'>Lindemann.</span> <span class='ocrx_word' id='word_1_439' title='bbox 1243 3735 1277 3786; x_wconf 79' lang='lat' dir='ltr'>ud</span> <span class='ocrx_word' id='word_1_440' title='bbox 1295 3738 1398 3792; x_wconf 85' lang='lat' dir='ltr'>Festum</span> 
     </span>
     <span class='ocr_line' id='line_1_45' title="bbox 283 3797 1397 3880; baseline 0.007 -28"><span class='ocrx_word' id='word_1_441' title='bbox 283 3819 309 3868; x_wconf 87' lang='lat' dir='ltr'>p.</span> <span class='ocrx_word' id='word_1_442' title='bbox 320 3804 379 3853; x_wconf 73' lang='lat'>447.</span> <span class='ocrx_word' id='word_1_443' title='bbox 397 3803 440 3868; x_wconf 89' lang='lat' dir='ltr'>qui</span> <span class='ocrx_word' id='word_1_444' title='bbox 455 3804 530 3854; x_wconf 84' lang='lat' dir='ltr'>etium</span> <span class='ocrx_word' id='word_1_445' title='bbox 544 3806 630 3851; x_wconf 79' lang='lat' dir='ltr'>cetere</span> <span class='ocrx_word' id='word_1_446' title='bbox 644 3797 717 3850; x_wconf 88' lang='lat' dir='ltr'>buius</span> <span class='ocrx_word' id='word_1_447' title='bbox 735 3800 784 3850; x_wconf 86' lang='lat' dir='ltr'>loci</span> <span class='ocrx_word' id='word_1_448' title='bbox 800 3801 933 3853; x_wconf 80' lang='lat' dir='ltr'>emendare</span> <span class='ocrx_word' id='word_1_449' title='bbox 947 3802 1051 3856; x_wconf 85' lang='lat' dir='ltr'>studuit.</span> <span class='ocrx_word' id='word_1_450' title='bbox 1139 3805 1245 3876; x_wconf 77' lang='lat' dir='ltr'>arrigo]</span> <span class='ocrx_word' id='word_1_451' title='bbox 1257 3807 1357 3880; x_wconf 86' lang='lat' dir='ltr'>ariuga</span> <span class='ocrx_word' id='word_1_452' title='bbox 1370 3811 1397 3862; x_wconf 87' lang='lat' dir='ltr'>F.</span> 
     </span>
     <span class='ocr_line' id='line_1_46' title="bbox 282 3867 1396 3946; baseline 0.007 -23"><span class='ocrx_word' id='word_1_453' title='bbox 282 3871 314 3923; x_wconf 83' lang='lat' dir='ltr'>ci.</span> <span class='ocrx_word' id='word_1_454' title='bbox 332 3872 425 3924; x_wconf 87' lang='lat' dir='ltr'>Festus</span> <span class='ocrx_word' id='word_1_455' title='bbox 444 3889 497 3924; x_wconf 77' lang='lat' dir='ltr'>ur.</span> <span class='ocrx_word' id='word_1_456' title='bbox 513 3871 623 3936; x_wconf 83' lang='lat' dir='ltr'>harviga.</span> <span class='ocrx_word' id='word_1_457' title='bbox 659 3868 804 3934; x_wconf 83' lang='lat' dir='ltr'>Hesychius</span> <span class='ocrx_word' id='word_1_458' title='bbox 823 3867 914 3938; x_wconf 61' lang='lat' dir='ltr'>iiprpa,</span> <span class='ocrx_word' id='word_1_459' title='bbox 933 3867 1006 3942; x_wconf 69' lang='grc' dir='ltr'><em>ἄῤῥεν</em></span> <span class='ocrx_word' id='word_1_460' title='bbox 1024 3870 1163 3943; x_wconf 72' lang='grc' dir='ltr'><em>πρόβατον.</em></span> <span class='ocrx_word' id='word_1_461' title='bbox 1257 3880 1396 3946; x_wconf 80' lang='lat' dir='ltr'>croignus]</span> 
     </span>
     <span class='ocr_line' id='line_1_47' title="bbox 281 3940 1395 4014; baseline 0.011 -24"><span class='ocrx_word' id='word_1_462' title='bbox 281 3959 322 4007; x_wconf 83' lang='lat' dir='ltr'>rg.</span> <span class='ocrx_word' id='word_1_463' title='bbox 359 3943 470 4012; x_wconf 79' lang='lat' dir='ltr'>ariugas</span> <span class='ocrx_word' id='word_1_464' title='bbox 487 3943 533 3994; x_wconf 81' lang='lat' dir='ltr'>Fa.</span> <span class='ocrx_word' id='word_1_465' title='bbox 570 3940 681 4008; x_wconf 81' lang='lat' dir='ltr'>arrigas</span> <span class='ocrx_word' id='word_1_466' title='bbox 698 3941 758 3993; x_wconf 89' lang='lat' dir='ltr'>GH.</span> <span class='ocrx_word' id='word_1_467' title='bbox 794 3941 906 4012; x_wconf 78' lang='lat' dir='ltr'>arrigns</span> <span class='ocrx_word' id='word_1_468' title='bbox 924 3943 964 3996; x_wconf 87' lang='lat' dir='ltr'>bc.</span> <span class='ocrx_word' id='word_1_469' title='bbox 1078 3947 1165 4014; x_wconf 88' lang='lat' dir='ltr'>Haec]</span> <span class='ocrx_word' id='word_1_470' title='bbox 1182 3948 1284 4014; x_wconf 79' lang='lat' dir='ltr'>antique</span> <span class='ocrx_word' id='word_1_471' title='bbox 1303 3951 1395 4002; x_wconf 89' lang='lat' dir='ltr'>dictum</span> 
     </span>
     <span class='ocr_line' id='line_1_48' title="bbox 282 4011 1395 4081; baseline 0.008 -19"><span class='ocrx_word' id='word_1_472' title='bbox 282 4029 329 4078; x_wconf 90' lang='lat' dir='ltr'>pro</span> <span class='ocrx_word' id='word_1_473' title='bbox 348 4013 411 4068; x_wconf 76' lang='lat' dir='ltr'>liae,</span> <span class='ocrx_word' id='word_1_474' title='bbox 431 4020 460 4064; x_wconf 89' lang='lat' dir='ltr'>ut</span> <span class='ocrx_word' id='word_1_475' title='bbox 473 4015 507 4076; x_wconf 86' lang='lat' dir='ltr'>V,</span> <span class='ocrx_word' id='word_1_476' title='bbox 523 4017 565 4064; x_wconf 70' lang='lat'>75.</span> <span class='ocrx_word' id='word_1_477' title='bbox 581 4015 648 4074; x_wconf 73' lang='lat'>137,</span> <span class='ocrx_word' id='word_1_478' title='bbox 666 4018 693 4062; x_wconf 87' lang='lat' dir='ltr'>et</span> <span class='ocrx_word' id='word_1_479' title='bbox 710 4013 758 4064; x_wconf 88' lang='lat' dir='ltr'>nisi</span> <span class='ocrx_word' id='word_1_480' title='bbox 777 4012 850 4064; x_wconf 77' lang='lat' dir='ltr'>fallor</span> <span class='ocrx_word' id='word_1_481' title='bbox 867 4011 910 4062; x_wconf 88' lang='lat' dir='ltr'>lric</span> <span class='ocrx_word' id='word_1_482' title='bbox 928 4030 975 4081; x_wconf 90' lang='lat' dir='ltr'>pro</span> <span class='ocrx_word' id='word_1_483' title='bbox 993 4013 1022 4064; x_wconf 82' lang='lat' dir='ltr'>n·</span> <span class='ocrx_word' id='word_1_484' title='bbox 1038 4015 1084 4078; x_wconf 89' lang='lat' dir='ltr'>Vl,</span> <span class='ocrx_word' id='word_1_485' title='bbox 1099 4021 1141 4068; x_wconf 80' lang='lat'>73.</span> <span class='ocrx_word' id='word_1_486' title='bbox 1176 4019 1301 4072; x_wconf 86' lang='lat' dir='ltr'>Feminini</span> <span class='ocrx_word' id='word_1_487' title='bbox 1317 4023 1395 4074; x_wconf 75' lang='lat' dir='ltr'>formu</span> 
     </span>
     <span class='ocr_line' id='line_1_49' title="bbox 282 4083 1395 4158; baseline 0.007 -24"><span class='ocrx_word' id='word_1_488' title='bbox 282 4083 347 4132; x_wconf 81' lang='lat' dir='ltr'>lraec</span> <span class='ocrx_word' id='word_1_489' title='bbox 365 4085 445 4150; x_wconf 80' lang='lat' dir='ltr'>magis</span> <span class='ocrx_word' id='word_1_490' title='bbox 463 4090 523 4136; x_wconf 84' lang='lat' dir='ltr'>uota</span> <span class='ocrx_word' id='word_1_491' title='bbox 541 4087 594 4145; x_wconf 77' lang='lat' dir='ltr'>est,</span> <span class='ocrx_word' id='word_1_492' title='bbox 613 4098 688 4146; x_wconf 84' lang='lat' dir='ltr'>quum</span> <span class='ocrx_word' id='word_1_493' title='bbox 705 4084 836 4135; x_wconf 80' lang='lat' dir='ltr'>masculini</span> <span class='ocrx_word' id='word_1_494' title='bbox 855 4083 891 4134; x_wconf 78' lang='lat' dir='ltr'>ui.</span> <span class='ocrx_word' id='word_1_495' title='bbox 927 4085 1044 4138; x_wconf 86' lang='lat' dir='ltr'>Pertinet</span> <span class='ocrx_word' id='word_1_496' title='bbox 1060 4093 1145 4140; x_wconf 84' lang='lat' dir='ltr'>nutem</span> <span class='ocrx_word' id='word_1_497' title='bbox 1163 4089 1229 4140; x_wconf 83' lang='lat' dir='ltr'>daec</span> <span class='ocrx_word' id='word_1_498' title='bbox 1246 4091 1278 4143; x_wconf 78' lang='lat' dir='ltr'>nd</span> <span class='ocrx_word' id='word_1_499' title='bbox 1297 4095 1395 4158; x_wconf 76' lang='lat' dir='ltr'>arrigis</span> 
     </span>
     <span class='ocr_line' id='line_1_50' title="bbox 282 4153 1395 4228; baseline 0.008 -25"><span class='ocrx_word' id='word_1_500' title='bbox 282 4153 384 4204; x_wconf 79' lang='lat' dir='ltr'>hostius.</span> <span class='ocrx_word' id='word_1_501' title='bbox 558 4153 680 4220; x_wconf 81' lang='lat' dir='ltr'>quarum]</span> <span class='ocrx_word' id='word_1_502' title='bbox 701 4155 789 4222; x_wconf 84' lang='lat' dir='ltr'>scripsi</span> <span class='ocrx_word' id='word_1_503' title='bbox 811 4169 868 4206; x_wconf 85' lang='lat' dir='ltr'>cnm</span> <span class='ocrx_word' id='word_1_504' title='bbox 886 4155 1067 4208; x_wconf 82' lang='lat' dir='ltr'>Lindemeuno.</span> <span class='ocrx_word' id='word_1_505' title='bbox 1104 4177 1214 4228; x_wconf 77' lang='lat' dir='ltr'>quorum</span> <span class='ocrx_word' id='word_1_506' title='bbox 1232 4163 1323 4227; x_wconf 82' lang='lat' dir='ltr'>codd,</span> <span class='ocrx_word' id='word_1_507' title='bbox 1343 4165 1395 4215; x_wconf 82' lang='lat' dir='ltr'>falsi</span> 
     </span>
     <span class='ocr_line' id='line_1_51' title="bbox 281 4223 1393 4299; baseline 0.01 -25"><span class='ocrx_word' id='word_1_508' title='bbox 281 4225 395 4276; x_wconf 89' lang='lat' dir='ltr'>nimirum</span> <span class='ocrx_word' id='word_1_509' title='bbox 415 4227 501 4292; x_wconf 86' lang='lat' dir='ltr'>specie</span> <span class='ocrx_word' id='word_1_510' title='bbox 518 4223 630 4276; x_wconf 86' lang='lat' dir='ltr'>neutrius</span> <span class='ocrx_word' id='word_1_511' title='bbox 646 4226 747 4288; x_wconf 70' lang='lat' dir='ltr'>uerterit</span> <span class='ocrx_word' id='word_1_512' title='bbox 765 4226 830 4296; x_wconf 28' lang='lat' dir='ltr'>inqu.</span> <span class='ocrx_word' id='word_1_513' title='bbox 849 4226 938 4278; x_wconf 52' lang='lat' dir='ltr'>hasen</span> <span class='ocrx_word' id='word_1_514' title='bbox 1055 4226 1083 4278; x_wconf 87' lang='lat' dir='ltr'>in</span> <span class='ocrx_word' id='word_1_515' title='bbox 1102 4229 1168 4296; x_wconf 88' lang='lat' dir='ltr'>olla]</span> <span class='ocrx_word' id='word_1_516' title='bbox 1187 4249 1228 4299; x_wconf 86' lang='lat' dir='ltr'>vg.</span> <span class='ocrx_word' id='word_1_517' title='bbox 1265 4235 1346 4286; x_wconf 88' lang='lat' dir='ltr'>rnolla</span> <span class='ocrx_word' id='word_1_518' title='bbox 1364 4239 1393 4286; x_wconf 89' lang='lat' dir='ltr'>G.</span> 
     </span>
    </p>

    <p class='ocr_par' dir='ltr' id='par_1_8' title="bbox 218 4294 1394 4371">
     <span class='ocr_line' id='line_1_52' title="bbox 218 4294 1394 4371; baseline 0.014 -28"><span class='ocrx_word' id='word_1_519' title='bbox 218 4331 222 4338; x_wconf 68' lang='grc'><em>,</em></span> <span class='ocrx_word' id='word_1_520' title='bbox 280 4296 308 4345; x_wconf 83' lang='lat' dir='ltr'>iu</span> <span class='ocrx_word' id='word_1_521' title='bbox 327 4294 378 4346; x_wconf 88' lang='lat' dir='ltr'>allo</span> <span class='ocrx_word' id='word_1_522' title='bbox 396 4295 425 4346; x_wconf 83' lang='lat' dir='ltr'>F.</span> <span class='ocrx_word' id='word_1_523' title='bbox 449 4302 474 4346; x_wconf 85' lang='lat' dir='ltr'>ct</span> <span class='ocrx_word' id='word_1_524' title='bbox 492 4294 607 4348; x_wconf 85' lang='lat' dir='ltr'>similiter</span> <span class='ocrx_word' id='word_1_525' title='bbox 624 4298 682 4346; x_wconf 84' lang='lat' dir='ltr'>cett.</span> <span class='ocrx_word' id='word_1_526' title='bbox 795 4296 1050 4364; x_wconf 70' lang='lat' dir='ltr'>cocurrturJ&#39;scripsi.</span> <span class='ocrx_word' id='word_1_527' title='bbox 1087 4314 1237 4371; x_wconf 81' lang='lat' dir='ltr'>coquuntur</span> <span class='ocrx_word' id='word_1_528' title='bbox 1254 4307 1328 4359; x_wconf 91' lang='lat' dir='ltr'>codd.</span> <span class='ocrx_word' id='word_1_529' title='bbox 1351 4309 1394 4361; x_wconf 84' lang='lat' dir='ltr'>nisi</span> 
     </span>
    </p>
   </div>
   <div class='ocr_carea' id='block_1_7' title="bbox 0 0 1436 4814">
    <p class='ocr_par' dir='ltr' id='par_1_9' title="bbox 0 0 1436 4814">
     <span class='ocr_line' id='line_1_53' title="bbox 0 0 1436 4814; baseline 0 2"><span class='ocrx_word' id='word_1_530' title='bbox 0 0 1436 4814; x_wconf 95' lang='lat' dir='ltr'> </span> 
     </span>
    </p>
   </div>
  </div>
 </body>
</html>
