2864 4814
450 219 488 321 ἓ.
518 234 724 306 33-38·
1086 219 1140 294 87

26 408 160 502 leges3
196 402 342 476 alterum
370 399 465 500 quod
497 429 597 480 casus
623 405 730 498 babet
760 431 872 504 neque
901 417 1056 504 tempora
1078 409 1204 498 ard-313}

29 504 202 605 significat,
227 515 266 577 ut
293 504 336 576 ab
363 504 442 604 lego
467 505 605 581 lectio
628 517 664 580 et
683 509 847 602 lector3
884 511 1019 580 tertium
1046 510 1142 608 quod

27 607 118 679 babet
138 617 325 705 utrumque
342 618 377 679 et
398 618 552 706 tempora
571 622 605 683 et
621 634 735 704 casus,
760 622 799 681 ut
817 610 861 682 ab
881 609 962 708 lego
979 610 1139 710 legens,

30 707 241 802 lecturus3
269 718 432 806 quartum
458 710 554 807 quod
578 723 738 785 neutrum
764 711 888 803 babet,
925 723 964 785 ut
989 712 1033 813 ab
1061 712 1141 811 lego

31 810 129 884 lecte
153 835 195 882 ac
220 809 490 884 lectissime:
520 812 645 887 borum
669 813 862 886 verbormn
878 815 910 884 si
935 815 1141 914 primigenia

32 913 167 984 suntad
192 911 299 1006 mille,
329 925 369 986 ut
391 912 750 1006 Cosconius'seribit‚
779 941 822 988 ex
846 941 966 988 eorum
989 916 1139 992 declina·

32 1013 167 1087 tionibus
190 1014 386 1087 verborum·
399 1015 599 1089 discrimina
624 1019 814 1116 quingenta
835 1017 929 1088 milia
956 1045 1032 1092 csse
1058 1025 1141 1116 posss

33 1126 102 1187 sunt
122 1116 216 1208 ideo,
239 1118 320 1214 quia
341 1118 488 1214 singulis
511 1111 627 1190 verbis
647 1119 861 1217 primigeniis
884 1121 1021 1192 circiter
1041 1123 1141 1215 quin·

31 1229 137 1314 grutae
166 1216 300 1315 species
331 1218 617 1298 declinationibus
648 1219 749 1291 liunt.
781 1223 783 1230 '
812 1309 817 1320 .
909 1217 978 1291 57.
1015 1221 1143 1293 Primi-

32 1320 117 1414 genia
142 1319 306 1392 dicuntur
331 1319 437 1392 verba
461 1334 500 1394 ut
522 1323 647 1420 lego,
683 1319 855 1414 scribo,
890 1332 979 1414 sto,
1012 1322 1145 1394 sedeo

33 1429 58 1490 et
78 1431 191 1494 cetera
220 1447 309 1518 quae
334 1447 405 1494 non
431 1436 514 1497 sunt
545 1423 589 1495 ab
615 1422 684 1496 alio
713 1449 783 1519 quo
808 1421 938 1516 verbo,
978 1423 1039 1496 sed
1063 1448 1144 1495 suas

33 1517 149 1595 babent
174 1522 321 1595 radices.
390 1523 522 1599 Contra
547 1522 653 1598 verba
679 1524 850 1598 declinata
875 1535 958 1596 sunt
985 1529 1074 1622 quae
1099 1524 1144 1596 ab

34 1622 85 1696 alio
111 1651 183 1722 quo
207 1627 388 1717 oriuntur,
424 1639 464 1698 ut
484 1627 528 1698 ab
554 1626 632 1726 lego
660 1624 798 1725 legis,
837 1626 971 1726 legit,
1000 1626 1145 1726 legam

34 1737 59 1794 et
85 1729 136 1798 sic
166 1725 320 1821 indidem
354 1727 437 1800 binc
471 1729 652 1825 permulta.
718 1727 837 1821 Quare
865 1731 895 1800 si
925 1730 1003 1825 quis
1026 1731 1145 1825 primi·

34 1829 200 1921 geniorum
222 1825 406 1901 verborum
429 1833 579 1930 origines
601 1829 800 1922 ostenderit,
828 1830 858 1901 si
877 1856 916 1901 ea
939 1829 1032 1902 mille
1049 1841 1143 1924 sunt,
1156 1864 1204 1906 217

34 1931 245 2028 quingentum
267 1931 399 2001 milium
422 1933 630 2030 simplicium
652 1931 837 2004 verborum
859 1957 983 2003 causas
1003 1920 1207 2028 sperne-—

34 2030 70 2100 rit
90 2056 181 2124 una3
221 2031 275 2102 sin
307 2032 459 2128 nullius,
498 2044 613 2104 tamen
648 2034 709 2130 qui
741 2032 785 2104 ab
818 2032 874 2104 his
907 2032 1040 2130 reliqua
1072 2043 1147 2106 orta

36 2132 229 2224 ostenderit,
265 2136 357 2220 satis
376 2133 499 2207 dixerit
524 2133 568 2206 de
593 2133 783 2233 originibus
807 2131 1013 2226 verborum,
1042 2161 1148 2234 quom

34 2231 110 2304 unde
136 2243 218 2304 nata
239 2234 330 2326 sint,
364 2237 534 2334 principia
559 2247 662 2308 eruut
686 2262 819 2333 pauca,
848 2261 937 2332 quae
962 2235 1042 2307 inde
1068 2247 1149 2308 nata

35 2333 111 2428 sint,
144 2331 420 2424 innumerabilia.
557 2335 626 2408 58.
661 2331 700 2406 Α
726 2335 852 2434 quibus
875 2336 994 2408 iisdem
1021 2339 1150 2432 princi-

35 2435 90 2528 piis
123 2438 323 2534 antepositis
360 2435 558 2537 praeverbis
602 2439 723 2534 paucis
762 2439 923 2508 immanis
964 2437 1150 2509 verborum

35 2539 157 2610 accedit
179 2565 359 2632 numerus,
387 2539 482 2637 quod
502 2535 701 2638 praeverbis
722 2541 873 2630 mutatis,
899 2536 1024 2609 additis
1047 2549 1150 2637 atque

37 2643 240 2712 commutatis
267 2641 361 2713 aliud
388 2654 491 2737 atque
516 2640 611 2712 aliud
635 2640 699 2734 fit3
740 2652 780 2712 ut
806 2643 898 2712 enim
923 2643 1212 2740 processitars

36 2748 63 2808 et
82 2743 299 2835 recessit,
327 2744 378 2816 sic
403 2745 608 2816 accessit
633 2754 668 2815 et
693 2739 943 2836 abscessit3
980 2743 1062 2826 item
1086 2744 1219 2828 in·(5a)

37 2845 163 2914 cessit
190 2855 224 2915 et
248 2847 479 2936 excessit,
517 2847 568 2916 sic
593 2846 823 2917 successit
856 2854 891 2917 et
923 2845 1193 2936 decessit,oe

38 2947 249 3016 concessit
270 2957 305 3016 et
327 2945 575 3042 discessit*.
629 2945 737 3036 Quod
762 2947 793 3015 si
819 2945 904 3016 baec
930 2946 1050 3018 decem
1073 2945 1149 3018 sola

37 3045 224 3136 praeverbia
256 3058 391 3142 essent,
431 3049 610 3147 quoniam
628 3045 672 3118 ab
705 3072 776 3118 uuo
809 3046 917 3119 verbo
948 3045 1147 3118 declinatio·
1213 3081 1214 3084 ¹

36 3227 85 3298 lego
107 3233 175 3306 leges
193 3251 217 3288 a.
241 3241 271 3307 ut
293 3238 408 3304 videtur,
438 3239 505 3292 sieut
530 3238 571 3292 ed.
597 3239 677 3308 prior.
729 3247 761 3288 ut
786 3236 820 3288 ab
845 3237 902 3308 lege
927 3237 1013 3310 leges:
1042 3237 1099 3309 lege
1123 3240 1148 3290 b.

38 3304 160 3375 admitte]
178 3308 318 3362 Victorius.
354 3309 567 3364 admitte-FGH.
603 3311 698 3360 amitte
715 3327 738 3362 a.
775 3309 889 3360 admicte
905 3311 932 3363 b.
1064 3308 1150 3376 milia]

39 3375 101 3427 codd.
119 3379 164 3430 sed
184 3378 217 3430 de
235 3381 275 3432 ab.
294 3381 355 3432 nihii
374 3388 498 3436 notatum.
545 3381 613 3433 inira
632 3385 656 3446 §.
667 3386 710 3435 31,
729 3379 832 3431 milium
848 3382 906 3436 Fe.
933 3383 1047 3446 itemque
1069 3384 1148 3445 §.aa

39 3445 102 3496 milia
124 3449 163 3501 bis
189 3450 265 3504 iidem
291 3453 358 3505 libri.
395 3454 435 3505 cf.
453 3469 530 3522 supra
548 3454 581 3518 V,
599 3457 643 3505 89.
694 3453 825 3518 Singulari
850 3459 935 3504 autem
959 3455 1067 3504 numero'
1091 3467 1149 3504 cum

39 3515 98 3566 mille
118 3521 149 3571 ab
174 3522 266 3575 iisdem
290 3523 362 3576 libris
388 3528 412 3589 §.
429 3529 473 3578 37.
491 3529 535 3578 38.
556 3526 712 3590 retineatur,
739 3523 787 3577 boc
812 3530 912 3576 mutare
936 3523 1054 3587 religioni
1078 3521 1149 3575 duxi.

38 3587 199 3660 Primigeniic]
216 3610 259 3661 vg.
290 3596 444 3666 primigenii
458 3596 516 3650 FG.
549 3595 698 3667 primigenii
714 3595 750 3648 H.
787 3593 945 3664 primogenii
960 3592 1001 3644 ab.

137 3687 189 3755 37.
219 3702 273 3754 alio
292 3702 353 3774 quo]
373 3703 439 3754 coni.
457 3704 556 3772 scripsi.
598 3703 689 3773 aliquo
708 3702 782 3756 codd.
826 3701 881 3753 alio
898 3699 1077 3752 emendaverat
1094 3698 1150 3751 Au-

41 3774 152 3831 rustinus.
219 3790 224 3800 ·
268 3776 365 3826 lterum
389 3773 443 3824 alio
461 3777 525 3844 quo]
543 3776 647 3842 scripsi,
673 3776 717 3826 ubi
742 3774 832 3843 aliquo
855 3774 886 3825 F.
922 3770 977 3821 alio
995 3777 1055 3822 cett.
1075 3771 1149 3823 codd.

41 3841 66 3892 V.
83 3852 165 3907 annot.
183 3847 216 3899 ad
233 3846 266 3910 V,
286 3849 345 3899 lro.
443 3847 481 3896 ric
499 3845 613 3896 indidem
630 3845 703 3913 ltine]
718 3849 767 3898 Ge.
793 3853 820 3897 et
838 3847 875 3898 sic
893 3844 1010 3896 volueret
1027 3843 1150 3909 Spengel.

41 3913 71 3961 ric
86 3915 112 3965 in
128 3917 242 3970 indidem
260 3917 321 3968 ltine·
338 3919 369 3970 F.
411 3915 502 3967 itidem
521 3917 582 3968 binc
599 3916 634 3969 H.
669 3917 766 3968 inidem
783 3917 845 3968 binc
862 3917 887 3969 b.
982 3953 984 3960 .
1011 3929 1083 3977 una;
1099 3913 1152 3980 sin]

40 3981 170 4042 Turnebus.
212 4005 281 4040 unas
299 3987 402 4054 (undas
419 3988 469 4056 H.)
488 3988 516 4040 in
533 3987 608 4042 codd.

137 4081 189 4146 38.
214 4092 379 4163 praecordis]
397 4094 438 4150 ab.
485 4091 648 4162 praeverbir'r
667 4098 727 4146 cett.
752 4098 782 4143 ut
799 4106 840 4158 rg-
895 4093 979 4164 Paulo
1003 4098 1063 4160 poet
1085 4109 1153 4162 prce

42 4161 116 4217 verbis
134 4170 167 4220 G.
201 4164 337 4234 proverbio
355 4167 383 4217 b.
416 4163 579 4234 praeverbiis
597 4170 658 4218 celi.
694 4163 735 4216 Cf.
754 4169 840 4214 annot.
859 4163 892 4214 ad
910 4165 943 4228 V,
959 4167 1026 4228 33„
1088 4181 1154 4232 pro-

43 4235 296 4302 restauraturum
315 4255 331 4294 e
348 4238 489 4308 Spengelio
508 4237 633 4290 laudatus.
669 4235 747 4287 cessit
766 4234 841 4286 codd.
961 4243 988 4284 et
1007 4233 1153 4297 discessui]

43 4304 126 4361 addidi.
153 4327 202 4366 om.
222 4308 296 4362 codd.
333 4327 375 4378 vg.
393 4319 420 4362 et
435 4308 581 4381 praecessit
599 4308 714 4364 additum
733 4312 788 4379 est,
806 4305 888 4360 uiuus
906 4312 975 4375 apte.
1059 4303 1153 4390 dircrp'-
