2866 4812
429 237 464 338 e.
496 245 711 322 01--as
842 307 847 314 .
1067 237 1145 310 ras

118 420 182 494 bl.
227 424 270 494 ln
295 424 510 500 Cistellaria:

129 542 211 608 Non
236 543 343 633 quasi
369 565 467 610 nunc
494 542 584 609 baca
612 559 699 614 sicot
722 545 780 614 bic
810 544 958 612 littraces
985 543 1120 613 lividae
1132 541 1207 627 ,Ἦ

32 656 154 726 limax
178 683 198 728 a
222 657 326 751 limo,
363 659 457 760 quod
480 657 530 730 ibi
551 659 647 730 vivii.
690 744 692 761 Ι

129 771 373 862 Diabolares,
406 772 680 863 schoenicoloe‚
716 776 941 864 miraculae,·
1034 813 1037 820 ⁴

32 877 278 954 diabolares
323 907 343 952 a
380 879 471 951 binis
515 877 677 974 obolis„
718 880 1057 954 Schocuicolae
1103 879 1146 953 ab

31 979 186 1073 schoeno,
223 983 403 1082 nugatorio
433 993 623 1080 unguento.
687 981 941 1078 Miiaculae
975 1008 993 1052 a
1028 984 1144 1076 miris,

30 1081 57 1150 id
85 1095 135 1154 est
164 1086 346 1176 monstris,
390 1110 410 1154 a
442 1109 512 1181 quo
537 1080 673 1157 Accius
710 1085 757 1157 ait
789 1109 952 1181 personas
986 1083 1147 1158 distortas
1160 1091 1212 1162 {2⁶

31 1182 132 1256 oribus
157 1186 321 1260 deformis
352 1191 585 1258 orii—iones.

117 1311 183 1387 65.
225 1313 381 1389 ibidem:

126 1432 314 1520 Scretiae,
340 1434 624 1527 scrapipedae*,
651 1433 906 1521 strittabillae,
934 1433 1103 1503 tantulae
1111 1464 1123 1524 ,-

30 1543 63 1615 ab
85 1548 278 1623 excreando
309 1553 503 1624 scratias
527 1551 585 1623 hic
609 1551 839 1650 adsignificat.
905 1552 1147 1649 Scrupipe·

30 1644 91 1720 das
114 1646 283 1752 Aurelius
305 1651 425 1726 scribit
448 1653 493 1726 ab
517 1653 721 1752 scauripeda
733 1683 745 1749 5
787 1655 968 1728 luventius
994 1655 1147 1728 comicus
1161 1667 1213 1738 {⁴3

78 1915 80 1920 Ι
123 1841 176 1906 64.
203 1858 366 1924 Cistellaria]
381 1860 455 1913 codd.
475 1860 523 1913 nisi
540 1861 610 1927 quod
629 1859 766 1912 cistelaria
782 1861 805 1914 F
808 1899 813 1910 .
852 1857 1002 1912 ¹Clitellaria
1021 1863 1148 1928 Scaliger.

29 1923 141 1990 Equidem
167 1931 203 1981 nil
228 1936 315 1995 muto,
342 1933 402 1983 licet
426 1948 492 1984 nunc
511 1934 538 1983 iu
557 1949 588 1984 en
606 1930 693 1983 fabula
710 1947 761 1984 non
780 1939 870 1985 extent
888 1930 913 1983 bi
932 1948 1028 1984 versus.
1067 1931 1146 1985 Certe

30 1996 181 2054 clitellariam
204 2001 324 2054 invehere
348 2005 431 2068 nolui,
457 2005 577 2070 quoniam
603 2010 663 2070 post
686 2011 740 2056 tres
764 2020 854 2056 versus
879 2019 912 2056 ex
930 2003 978 2056 hac
996 2003 1083 2056 sabula
1100 2005 1147 2056 ad-

30 2066 105 2120 ductos
123 2077 149 2122 et
168 2074 311 2140 explicatos
328 2075 352 2138 §.
364 2079 407 2128 66.
426 2076 499 2126 locus
518 2091 552 2126 ex
572 2074 697 2139 Astrabe,
720 2077 737 2126 i.
757 2092 779 2127 e.
798 2092 831 2128 ex
850 2075 1005 2139 Cistellaria,
1031 2075 1145 2128 affertur.

28 2139 70 2192 tui
86 2157 173 2194 uersus
193 2145 215 2194 si
233 2159 267 2196 ex
285 2145 375 2197 eadem
400 2145 492 2198 luisset
514 2145 601 2197 tabula
618 2151 696 2212 etque
713 2145 812 2214 priores
831 2153 900 2210 tres,
929 2161 979 2198 uon
997 2146 1145 2212 addidisset,

28 2211 107 2277 credo,
130 2229 225 2266 nomeu
243 2217 298 2268 eius
315 2219 433 2284 scriptor.
470 2217 543 2269 Neve
561 2218 618 2282 quis
637 2223 726 2286 putet,
748 2233 837 2270 omues
855 2217 902 2269 hos
917 2223 1039 2284 quattuor
1056 2235 1146 2270 remus

28 2283 163 2336 coniunctos
181 2286 278 2340 luisses,
300 2288 421 2351 illimes,
442 2303 476 2340 ex
494 2289 651 2352 Cistellaria,
675 2289 708 2339 de
726 2289 903 2341 meretricibus
920 2290 1100 2355 scripsimus,
1118 2297 1146 2342 et

25 2350 121 2407 iambico
139 2364 240 2422 metr03
272 2363 393 2423 quartus,
420 2373 453 2410 ex
470 2359 593 2423 Astraba,
612 2358 644 2410 de
660 2359 783 2410 uxoribus
803 2366 829 2412 et
846 2357 985 2410 trochaico.
1023 2359 1146 2412 Ceterum

25 2437 101 2476 omnes
118 2434 243 2493 quattuor
266 2443 354 2480 versus
379 2431 448 2480 inter
464 2428 608 2496 fragmenta
625 2429 781 2481 clitellariae
798 2445 820 2481 s.
838 2429 963 2481 Astrabae
980 2436 1146 2482 recensentur

24 2508 58 2560 ap.
74 2497 209 2566 Raditum,
227 2501 313 2553 Plauti
327 2499 400 2552 Com.
418 2499 449 2552 T.
457 2499 504 2553 111.
523 2504 619 2568 petil.
734 2499 810 2564 laec]
829 2500 881 2550 leae
898 2499 965 2551 coni.
979 2501 1144 2566 Spengelins.

26 2563 83 2616 iliud
106 2570 197 2630 eodem
221 2586 298 2624 seusu
323 2570 419 2622 dictum
444 2577 492 2624 est.
528 2572 561 2624 V.
578 2587 637 2623 aun.
655 2571 688 2624 sd
706 2572 739 2636 V,
757 2575 800 2634 98.
915 2568 1083 2636 Diabolares]
1102 2588 1143 2638 vg.

25 2635 161 2692 denotares
179 2643 228 2694 Fa.
253 2644 321 2695 sicut
343 2648 435 2710 postea
453 2657 541 2696 omnes
560 2641 634 2695 codd.
671 2660 721 2695 om.
740 2640 842 2696 versum
859 2641 938 2695 GHb.
985 2639 1146 2704 Diabolum

25 2705 111 2772 legitur
132 2713 157 2765 iu
182 2712 331 2766 bociversu
349 2713 418 2781 apud
436 2715 541 2766 Festum
567 2732 592 2783 p.
605 2718 667 2766 256.
686 2707 804 2766 Lindem.
954 2711 1145 2780 schoeniculae]

23 2775 155 2838 Turnebus.
192 2783 337 2837 scenicolae
353 2785 384 2840 F.
419 2785 545 2838 scenicale
561 2803 585 2838 a.
621 2784 803 2838 schoeniculae
819 2785 920 2838 Festus.
956 2785 1054 2838 Postea
1070 2785 1146 2836 sede-

24 2848 114 2903 nicolae
130 2855 162 2908 F.
199 2855 358 2908 eremicolae
376 2855 413 2910 Η.
448 2856 603 2908 selenicalic
621 2858 671 2910 Ge.
700 2857 846 2925 corruptius
863 2856 889 2910 b.
1039 2855 1146 2908 abieris

23 2919 107 2989 obolis]
124 2927 267 2980 Victorius.
310 2925 398 2978 sabini
416 2925 513 2978 sobolis
531 2927 607 2981 codd.
708 2985 710 2993 Ι
769 2927 918 2997 unguento]
938 2926 963 2978 b.
988 2933 1018 2978 ut
1031 2927 1144 2992 videtur,

23 2991 79 3046 sicut
92 2989 230 3052 Victorius.
261 2998 480 3068 nungentoFGa.
511 2995 652 3071 nungenda
663 2997 698 3048 H.
736 3000 902 3065 Unguentum
921 2998 1024 3064 pessimi
1042 3001 1145 3063 generis

23 3061 77 3183 llll
93 3067 194 3124 Festus.
317 3069 429 3134 Accius]
449 3069 522 3122 Adde
540 3067 564 3122 b.
584 3071 601 3121 l.
620 3068 785 3136 fragmentis,
809 3065 1143 3137 ap.130thiun1>.sc.1..

43 3136 96 3196 ill.
112 3143 212 3208 pJ252.

123 3241 175 3307 65.
209 3253 321 3326 Ibidem]
339 3260 357 3312 i.
376 3275 400 3313 e.
417 3262 444 3314 iu
463 3257 624 3313 Cistellaria.
660 3260 696 3314 At
713 3257 815 3312 Gellius
831 3257 885 3327 Ill,
904 3262 930 3312 3.
949 3265 977 3312 et
992 3259 1093 3314 Nonius
1117 3277 1142 3328 p.

23 3324 74 3380 169.
97 3345 199 3383 versum
219 3345 252 3382 es
271 3330 433 3383 Nervolaria
449 3332 536 3384 Plauti
554 3329 703 3384 exscribunt
720 3330 799 3383 hunc:

176 3414 324 3479 Serapide,
340 3412 498 3482 scrupedae,
517 3411 706 3478 scrittivellac,
723 3411 846 3464 sordidae
854 3433 864 3473 ‚·

23 3495 72 3538 nam
88 3488 136 3544 huc
153 3492 212 3544 iere·
228 3493 338 3557 vudum
354 3492 430 3545 codd.
448 3494 474 3546 in
492 3498 603 3558 utroque
619 3493 746 3560 scriptore
765 3492 878 3554 ducunt3
904 3496 983 3558 atque
1000 3507 1040 3544 es.
1052 3491 1144 3547 eodem

24 3567 88 3610 versu
104 3562 200 3616 Festus
228 3579 253 3630 p.
271 3566 331 3614 lae.
352 3569 378 3615 et
401 3567 463 3616 258.
486 3564 606 3617 Lindem.
631 3573 756 3631 scraptae
780 3562 857 3615 habet
881 3578 929 3630 pro
951 3564 1094 3630 nugatoriis
1117 3571 1145 3617 et

23 3624 182 3696 despiciendis
206 3634 365 3688 mulieribus.
400 3634 528 3702 Equidem
548 3651 599 3688 neu
618 3651 651 3688 co
670 3651 773 3688 cursum
790 3633 889 3697 direxi,
907 3639 937 3686 ut
953 3633 987 3684 ad
1006 3632 1072 3686 hanc
1089 3633 1162 3687 ior--

22 3710 79 3752 marn
96 3707 173 3760 etism
193 3705 319 3762 Varronis
335 3707 472 3762 lediouem
491 3709 637 3773 exigerem,
664 3723 740 3773 quem
759 3711 822 3774 pote
839 3705 948 3757 similem
966 3705 1070 3770 quidem
1088 3721 1144 3759 me·

22 3773 130 3829 tetricum
150 3778 366 3846 descriptionem,
394 3784 472 3845 atque
496 3781 566 3831 iilam
589 3781 615 3831 in
634 3778 799 3841 Neruolaria,
826 3782 885 3832 ente
904 3775 1145 3842 oculoshebuisse,

22 3852 95 3908 neure
119 3849 227 3902 eandem
252 3855 347 3902 nmen.
393 3849 498 3916 Itaque,
524 3849 584 3917 quid
603 3851 629 3902 in
648 3851 765 3902 Varrone
782 3847 920 3914 legendnm
937 3849 986 3914 sit,
1013 3850 1145 3916 exipsius

22 3915 86 3967 codd.
98 3921 215 3986 vestigiis
232 3921 388 3986 investigere
403 3919 496 3974 studui.
593 3921 726 3984 ceratias,
743 3918 938 3987 scrupipedae*‚
955 3918 1146 3986 strittobillas]

23 3986 117 4058 itilpsi·
152 3991 236 4044 codd.
255 3990 415 4048 lectiobaec
433 3998 487 4044 est:
512 3992 625 4045 smalies
644 3989 771 4059 (stracies
789 3990 830 4057 b.)
851 4007 953 4057 trappas
971 3990 1069 4059 (ruppe
1087 3990 1144 4058 ab.)

21 4053 68 4106 “les
84 4060 167 4123 (idest
182 4065 242 4116 Ga.
252 4063 278 4115 a'.
294 4061 335 4130 b.)
353 4060 462 4122 ritabile
480 4061 645 4129 (rittadillae
662 4063 717 4130 F.).
753 4063 861 4114 Scilicet
879 4062 976 4128 primae
993 4062 1100 4116 secordi
1116 4070 1146 4115 et

21 4127 83 4180 tertii
98 4148 122 4184 v.
139 4137 232 4187 literae
249 4139 416 4192 sacraverunt
434 4135 641 4188 antecedentium
659 4134 782 4186 extremis
800 4133 914 4200 syllabis.
1027 4134 1151 4186 ceratias.

21 4192 146 4264 lidron.
183 4206 296 4256 acraties
313 4205 352 4255 cic
369 4205 444 4258 codd.
585 4203 772 4276 adsignificat]
786 4206 865 4260 Rnt
882 4219 925 4270 vg.
970 4203 1145 4278 asigm'fiaata

22 4273 73 4320 leli·
184 4275 377 4346 ¹Scrrepipedas]
393 4277 490 4344 scripsi.
526 4275 684 4346 scruppidae
700 4276 731 4328 F.
768 4274 939 4349 scrnppidam
955 4276 1005 4329 Ga.
1033 4276 1145 4344 ,scrupi-

23 4335 75 4390 dam
91 4345 141 4398 ns.
256 4346 293 4398 as
311 4341 480 4417 seaeepsa]
498 4346 788 4416 saspsncumsotno
800 4347 832 4403 Ρ.
844 4347 889 4401 sa.
903 4335 980 4414 itv,
992 4348 1026 4404 11.
1044 4350 1144 4416 aare.

80 4459 85 4464 ·
663 4445 705 4514 10
