2890 4820
287 255 394 334 52'
675 279 792 324 urana
825 278 1015 337 aurnuns.
1087 273 1091 278 ’
1181 303 1184 311 ,

288 447 376 545 lytra
407 440 501 544 qnod
536 438 713 513 succidere
747 438 872 512 dicitur
902 437 1064 510 arborum
1096 437 1229 512 radices
1258 441 1296 510 in
1331 441 1403 537 ripa
1432 471 1433 480 ¹

249 558 389 644 osatque
413 571 471 617 eas
496 541 700 632 dissolvere,
728 539 770 611 ab
795 538 922 633 λύω·;
957 539 1056 633 liber,
1081 552 1232 614 extrema
1256 565 1317 613 ora
1341 539 1403 611 ssu-

242 637 389 720 ”minis
424 647 542 720 dextra
575 654 611 716 et
642 643 779 714 sinistra
810 666 967 713 maxume
1000 640 1094 739 quod
1123 642 1211 715 solet
1235 641 1344 712 videri
1374 653 1404 712 et
1432 681 1433 686 =

247 749 421 847 assequi
458 745 630 818 fibram
673 740 832 814 dicebant
868 753 1081 834 extremum,
1121 768 1232 839 aquo
1252 745 1289 814 in
1316 745 1404 840 sagis

286 848 495 922 fimbriae
516 857 552 919 et
576 847 612 917 in
636 845 750 938 iecore
779 855 965 916 extremum
982 843 1130 936 libra,
1164 842 1250 916 liber
1277 841 1399 916 dictus.
1432 893 1433 942 3

386 979 453 1053 80.
489 981 589 1071 Quae
611 989 693 1051 sunt
713 976 891 1051 hominum
915 979 1055 1075 propria
1080 977 1248 1073 primum,
1284 977 1402 1073 deinde

287 1084 330 1156 de
345 1108 480 1182 pecore,
508 1083 607 1152 tertio
630 1079 672 1152 de
692 1079 774 1151 feris
800 1079 960 1152 scribam.
1011 1079 1178 1175 Incipiam
1204 1078 1247 1149 ab
1273 1080 1399 1150 honore
1432 1117 1433 1170 r

286 1184 439 1284 publico.
492 1181 661 1255 Consul
685 1183 899 1273 nominatus,
939 1182 998 1279 qui
1015 1179 1217 1262 ¹consuleret
1240 1181 1401 1277 populum

287 1299 321 1358 et
339 1296 508 1376 senatum,
536 1285 604 1354 nisi
626 1281 723 1353 illinc
743 1285 858 1380 potius
878 1282 969 1354 unde
986 1280 1120 1352 Accius
1143 1281 1189 1352 ait
1209 1282 1246 1353 iu
1268 1283 1397 1353 Bruto:
1432 1281 1433 1370 i

401 1407 474 1494 Qui
507 1417 604 1472 recte
633 1407 822 1490 consulat,
857 1408 985 1475 consul
1003 1387 1133 1495 fleat*
1432 1373 1433 1408 l

238 1556 272 1624 ge
287 1525 478 1698 ldrdssdir
500 1521 631 1617 dictus,
667 1525 727 1621 qui
751 1524 897 1621 praeiret
919 1525 993 1596 iure
1017 1533 1051 1594 et
1076 1522 1250 1614 exercitu,
1294 1544 1400 1617 aquo

287 1655 299 1698 r
378 1648 434 1694 uer
462 1649 521 1694 ns:

400 1745 504 1837 Ergo
535 1757 751 1838 praetorum
784 1759 837 1816 est
868 1748 1061 1818 solidiue*

288 1861 353 1936 81.
392 1862 584 1957 Censor,
613 1861 657 1933 ad
682 1864 805 1960 quoius
831 1865 1045 1956 censionem,
1073 1862 1109 1934 id
1134 1871 1187 1934 est
1208 1859 1397 1954 arbitrium,

210 2013 213 2026 ι
290 1975 484 2038 censeretur
507 1964 668 2063 Populus.
721 1960 922 2057 Aedilis,
950 1967 1009 2062 qni
1030 1964 1130 2036 aedes
1152 1981 1268 2034 sacras
1284 1975 1318 2035 et
1334 1966 1399 2060 pri·
1432 1969 1433 2034 l

288 2077 385 2137 vates
405 2077 614 2162 procuraret.
668 2063 943 2156 Quaestoies
965 2091 985 2134 a
1005 2064 1212 2162 quaerendo,
1240 2065 1300 2160 qui
1322 2090 1399 2135 con·

289 2169 464 2264 quirerent
488 2165 644 2265 publicas
670 2163 832 2262 pecunias
855 2178 889 2238 et
913 2164 1099 2258 maleficia,
1127 2163 1215 2263 quac
1233 2166 1400 2236 triumviri

290 2266 450 2364 capitales
473 2293 565 2340 nunc
587 2271 812 2364 conquirunt3
841 2267 884 2338 ab
908 2266 961 2338 his
985 2278 1116 2362 postea,
1145 2267 1205 2363 qui
1230 2268 1395 2364 quaestio·

288 2396 373 2440 num
397 2367 522 2440 iudicia
547 2379 725 2460 exercent,
753 2368 1035 2458 Quaestorcs
1061 2367 1155 2439 dieti.
1208 2365 1399 2438 Tribuni

288 2469 499 2562 militum,
527 2470 619 2568 quod
644 2472 733 2542 terni
755 2467 866 2541 tribus
890 2468 1048 2540 tribubus
1063 2469 1262 2560 Ramnium,
1287 2467 1399 2540 Luce·
1432 2517 1433 2560 ,

289 2597 379 2660 rum,
408 2571 538 2642 Titium
559 2570 641 2642 olim
662 2571 705 2640 ad
730 2569 1167 2642 exercitum-mittebantur.
1208 2568 1400 2641 Tribuni
1432 2591 1433 2652 t

288 2668 448 2767 plebei,
476 2668 571 2766 quod
586 2696 629 2742 ex
647 2669 792 2741 tribunis
813 2670 957 2742 militum
974 2673 1122 2766 primum
1143 2668 1272 2742 tribuni
1288 2669 1399 2768 plebei
1417 2705 1420 2726 .

287 2771 371 2841 facti
392 2772 452 2865 qui
466 2768 600 2866 plebem
618 2769 848 2863 defenderent,
871 2772 907 2841 in
922 2773 1110 2843 secessione
1125 2770 1396 2844 Crustumerina.
1432 2779 1433 2838 ἶ

292 2867 361 2941 82.
396 2869 627 2965 Dictator,
663 2871 795 2969 quoda
821 2872 961 2944 consule
986 2871 1180 2962 dicebatur,
1207 2873 1289 2968 quoi
1310 2871 1400 2944 dicto
1432 2858 1433 2934 l

246 2972 467 3065 §gaudientcs
493 2997 610 3046 omnes
636 2982 760 3046 essent.
813 2973 1032 3072 Magister
1055 2975 1275 3072 equitum,
1308 2972 1399 3071 quod
1432 3003 1433 3006 ¹

288 3099 420 3158 summa
450 3083 600 3171 potestas
634 3075 735 3146 balius
765 3075 801 3146 in
834 3077 964 3175 equites
996 3085 1030 3146 et
1058 3099 1242 3166 accensos,
1281 3089 1321 3147 ut
1349 3085 1398 3147 cst
1432 3139 1433 3142 ,

289 3199 421 3246 summa
455 3176 574 3270 populi
605 3176 768 3266 dictator,
807 3203 827 3247 a
857 3203 926 3273 quo
954 3179 984 3247 is
1012 3200 1148 3273 quoque
1180 3178 1398 3274 magister
1432 3205 1433 3214 ¹

279 3274 446 3374 ‚populi
480 3274 682 3371 appellatus.
748 3276 888 3374 Reliqui
920 3276 1014 3376 quod
1048 3279 1196 3350 minores
1229 3303 1333 3373 quam
1363 3276 1399 3346 bi

291 3377 465 3478 magistri,
495 3369 581 3447 ‘dieti
606 3379 915 3476 magistratus,
942 3391 980 3450 ut
1004 3376 1047 3449 ab
1074 3376 1152 3451 albo
1173 3378 1321 3450 albatus.

288 3577 342 3629 lira
359 3577 467 3632 GHube.
502 3578 567 3632 Item
583 3578 798 3645 insequentibus.
911 3574 986 3646 λύω]
1000 3582 1064 3633 coni.
1099 3579 1175 3648 lytra
1188 3580 1234 3633 Fa.
1270 3579 1350 3648 tyara
1364 3582 1396 3632 G.
1432 3557 1433 3562 ἵ

287 3648 537 3774 blranldxadd'deli
612 3650 739 3714 extrema]
751 3650 894 3718 Scioppius.
930 3649 965 3700 ab
982 3663 1098 3702 extrema
1116 3651 1188 3705 codd.
1265 3651 1395 3716 maxume]
1432 3679 1433 3730 3

400 3793 450 3859 80·
481 3807 590 3874 Accius]
607 3807 663 3860 FG.
699 3807 787 3858 totins
802 3806 836 3860 Η,
873 3809 976 3860 tuccius
997 3811 1052 3863 abc.
1096 3811 1216 3862 Fortasse
1238 3811 1272 3864 L.
1290 3808 1397 3860 Accius.

284 3871 380 3946 suast]
398 3893 431 3929 ex
449 3879 545 3931 emend.
570 3879 703 3944 Augustini
720 3879 863 3931 dubitanter
880 3882 977 3950 scripsi.
1013 3883 1057 3934 Sic
1074 3881 1158 3934 Bothe
1175 3881 1204 3932 P.
1218 3880 1262 3932 Sc.
1273 3878 1306 3931 L.
1322 3881 1353 3944 V,
1372 3885 1394 3930 1.

289 3965 314 4014 p.
325 3950 384 3999 192.
455 3948 600 3999 consulciot
617 3949 700 4003 FGH.
736 3949 870 4002 consulein
887 3968 909 4002 a.
946 3952 1038 4002 consul
1056 3952 1109 4001 ciat
1127 3952 1151 4004 b.
1195 3949 1286 4006 consul
1297 3949 1356 4017 fiat
1374 3965 1394 3999 c.
1432 3981 1433 3984 =

288 4017 356 4082 iure]
373 4035 397 4070 v.
415 4026 500 4073 annot.
519 4022 551 4072 ad
568 4023 592 4084 §.
604 4025 646 4073 40.
810 4021 948 4088 antidire*]
967 4024 1031 4075 coni.
1078 4031 1141 4070 ante
1157 4029 1185 4072 et
1199 4022 1304 4090 praeire
1323 4020 1394 4074 codd.

288 4096 351 4210 {nte
364 4089 469 4210 zrceirc
487 4107 528 4157 vg.
550 4098 578 4142 et
595 4093 632 4144 sic
648 4092 692 4144 Fr.
704 4093 791 4144 Dousa
808 4091 890 4144 Lucil.
908 4093 997 4160 fragm.
1014 4094 1107 4145 lncert.
1125 4096 1168 4144 98.
1208 4091 1313 4161 praeire
1330 4093 1393 4144 cont.
1432 4153 1433 4172 γ

313 4171 374 4210 ome
391 4175 429 4212 us.

398 4235 451 4299 Sl·
483 4247 594 4314 ditium]
616 4248 791 4302 tioiumFac.
841 4249 940 4301 tactum
956 4249 991 4302 H.
1039 4249 1152 4300 torcium
1170 4249 1204 4301 G.
1256 4250 1355 4300 tatium
1372 4249 1393 4299 b.

289 4319 428 4374 secessione
445 4319 651 4387 Crustumerina]
670 4338 692 4374 v.
710 4319 831 4395 Niebuhr.
848 4321 880 4375 R.
899 4323 932 4374 H.
951 4322 972 4373 Ι.
991 4332 1015 4388 p.
1027 4322 1087 4373 630.
1107 4321 1145 4372 ed.
1164 4321 1207 4372 alt.
1303 4375 1306 4380 ,
