2890 4820
468 294 750 346 rnrronrs„
1093 297 1168 356 xvn

47 457 81 522 In
102 455 162 522 boc
184 453 293 522 altinae
314 451 458 540 exempla
479 452 668 520 Havniensis
688 454 783 526 lectio
805 459 944 528 conflata
961 484 1031 532 esse
1048 463 1170 536 ridetur

48 563 84 606 ex
111 551 263 629 corrupta
291 550 325 606 et
352 538 511 625 genuina,
542 540 585 606 ita
614 551 649 606 ut
668 561 708 608 ex
728 541 854 612 dnobus
880 546 983 630 libris,
1009 549 1110 620 altero
1137 555 1170 620 in

45 627 215 692 subsidium
233 623 393 705 adbibita,
416 625 624 712 transcriptus
646 646 716 694 esse
736 627 890 698 rideatur.
931 633 970 700 In
991 637 1170 706 universnm

46 723 148 778 autern
179 711 355 778 aestimanti
383 709 517 797 plurima
548 711 682 798 sumpsit
709 713 899 784 Harniensis
928 741 969 786 ex
989 719 1085 802 libro,
1117 725 1171 811 qui

46 798 181 864 Gotbani
202 797 370 864 simillimus
392 808 479 876 erat;
501 819 565 884 quo
593 797 712 864 lactum
734 810 769 866 ut
787 800 819 866 bi
840 801 905 870 duo
924 827 979 872 sae
1002 830 1172 876 ecansen·

44 882 133 964 tisnt,
165 883 221 947 ubi
240 906 260 948 a
282 881 415 948 caeteris
438 881 629 970 aliquantum
653 881 821 951 discedunt
841 829 1000 976 (vetuttd
1016 891 1069 960 ³4.
1098 894 1170 974 Vll,
1197 905 1201 914 ‘

43 966 97 1052 8.).
139 967 347 1034 Florentinus
376 967 524 1055 propriae
552 968 689 1035 familiae
710 979 808 1056 capnt
832 985 898 1052 est,
928 976 980 1041 cui
1002 998 1057 1058 ea,
1087 1001 1171 1066 quae

42 1052 71 1115 in
90 1052 287 1141 interpolatis
308 1052 395 1118 libris
418 1076 457 1119 cx
480 1054 658 1140 antiquiore
679 1055 782 1119 forma
804 1054 911 1124 relicta
931 1071 1022 1142 sunt,
1056 1085 1171 1130 accen-

43 1136 137 1203 senda
158 1161 248 1218 esse,
276 1138 359 1204 infra
377 1137 676 1205 demonstrabimus.
726 1139 951 1210 Parisiensinm
973 1146 1119 1214 codicum
1140 1151 1171 1215 b.

42 1234 72 1288 et
90 1245 118 1288 c.
139 1223 258 1290 multae
278 1235 353 1312 sapt
379 1222 532 1304 lectiones
553 1222 748 1309 peculiares,
780 1222 869 1312 plera
910 1248 953 1293 ue
973 1234 1171 1320 corruptissi.

41 1329 122 1387 mae,
156 1307 326 1374 nonnullae
356 1320 464 1375 autem
489 1307 653 1395 proximae
682 1308 724 1374 ad
753 1332 861 1376 veram
903 1333 1042 1396 ormam3
1075 1319 1170 1386 etiam

39 1389 152 1459 hiduo
174 1394 245 1462 libri
266 1393 384 1459 artiore
405 1393 486 1460 inter
507 1416 543 1459 se
564 1392 688 1460 vinculo
705 1396 859 1462 contineri
880 1395 1035 1464 videntur.
1074 1400 1171 1469 Past-

6 1549 8 1556 ,
39 1474 114 1543 baec
135 1479 164 1544 si
201 1476 271 1567 quis
301 1479 441 1564 figuram
469 1478 528 1544 sibi
556 1480 690 1566 proponi
718 1481 892 1568 optaverit,
926 1505 989 1569 qua
1020 1487 1171 1572 cognatio

40 1560 150 1630 borum
172 1563 324 1630 librorum
346 1564 444 1632 oculis
468 1563 666 1631 subiiciatur:
695 1565 759 1632 hoc
780 1566 897 1634 habeto
917 1565 1008 1654 quasi
1029 1581 1172 1652 stemma,

40 1645 65 1710 in
86 1671 156 1736 quo
178 1648 221 1714 Χ.
244 1647 390 1729 codices,
411 1648 465 1738 qui
494 1671 558 1714 non
581 1660 706 1734 extant,
726 1653 894 1740 significat.

148 2328 338 2398 Accedimus
360 2328 403 2397 sd
425 2329 606 2417 graviorem
625 2330 852 2417 quaestionem,
872 2356 956 2420 qnae
976 2334 1072 2404 suerit
1089 2339 1169 2405 anti-

59 2417 177 2484 uissimi
210 2415 289 2482 illius
319 2415 408 2495 libri,
442 2437 481 2480 ex
511 2437 576 2500 quc
604 2413 703 2480 nostri
735 2439 845 2483 omnes
872 2421 1053 2508 transcripti
1085 2435 1168 2506 sunt,

39 2440 139 2572 dorma
163 2513 196 2569 et
215 2498 354 2568 conditio
377 2510 409 2600 et
429 2496 596 2587 scriptura.
727 2559 733 2576 ,

146 2616 310 2694 Primum,
352 2609 473 2678 etiamsi
508 2632 573 2675 non
602 2607 733 2680 multum
760 2611 878 2688 refert,
914 2611 1033 2681 iuvabit
1062 2625 1168 2683 tamen

43 2723 215 2788 cognosse,
246 2697 466 2774 membranae,
495 2695 669 2785 exquibus
697 2696 777 2763 liber
802 2698 852 2764 ille
874 2719 944 2764 com
969 2700 1067 2766 esitus
1090 2714 1168 2784 erat,

43 2799 176 2890 quantae
198 2796 230 2854 et
251 2781 411 2873 quomodo
439 2781 566 2846 iunctae
593 2781 717 2850 fuerint
767 2781 869 2872 quue
889 2723 1070 2872 intelligitur
1113 2809 1169 2853 nr·

42 2883 91 2938 arm
112 2895 153 2938 ex
176 2869 417 2973 transpositione
439 2866 599 2948 locorum,
629 2867 714 2934 sacta
734 2867 767 2932 in
788 2871 897 2957 quinta
926 2870 1025 2953 libro,
1052 2810 1127 2937 inde
1148 2895 1169 2938 a

44 2957 78 3036 V,
103 2959 156 3023 23.
216 2957 282 3022 Ubi
310 2976 393 3044 qnae
421 2951 452 3016 in
484 2949 687 3024 commodum
715 2952 890 3040 legentium
920 2978 1006 3021 nunc
1033 2955 1067 3021 in
1096 2979 1167 3021 men

45 3040 209 3130 exemplari
227 3038 487 3141 rectedisposita
508 3040 682 3120 habentur,
711 3038 849 3106 inlibris
872 3040 996 3129 scriptis
1023 3053 1056 3108 et
1076 3040 1168 3110 editis

45 3129 185 3194 amnibus
206 3128 253 3194 sic
271 3149 308 3194 se
328 3125 504 3213 excupiunt:

146 3233 186 3298 n.
229 3241 271 3296 ut
294 3227 418 3296 sabana
439 3229 497 3315 (v,
515 3227 586 3312 aa.)
733 3221 1002 3310 Septimontium
1023 3229 1081 3317 (v,
1095 3229 1168 3318 41.)

146 3323 188 3389 Β.
230 3321 412 3387 demissior
433 3320 492 3404 (V,
512 3317 584 3402 23.)
606 3364 684 3383 ...
700 3314 774 3400 „ab
803 3315 999 3387 dominibus
1017 3326 1076 3408 (V,
1096 3325 1167 3408 32.)

46 3422 129 3492 Haec
148 3426 275 3494 inversa
296 3424 408 3491 ordine
430 3421 689 3511 ponendaesse,
721 3421 840 3507 primus
861 3423 983 3493 viderat
1003 3427 1166 3514 Georgius

46 3507 250 3592 Bucananus,
280 3510 377 3597 idque
406 3506 562 3576 docuerat
592 3505 779 3573 Turnebum
807 3507 991 3592 (Adversar.
1011 3511 1093 3591 XX,
1114 3512 1166 3578 29.

48 3593 255 3664 commentar.
276 3620 307 3684 p.
321 3595 399 3678 18.)
443 3595 539 3661 Nunc
560 3594 708 3662 observes
731 3593 837 3694 velim,
866 3616 905 3659 ea
927 3617 1011 3681 qnae
1028 3595 1119 3698 litera
1140 3603 1167 3664 Α

46 3680 169 3831 tall
184 3680 650 3836 tllllllllllll‘ttt
666 3689 838 3832 bellat
858 3701 943 3831 tlt:
961 3678 1167 3835 Billidl

47 3849 70 3915 ai
91 3816 165 3919 liber
185 3791 251 3920 ¹dlon
271 3791 338 3920 sidae
351 3849 440 3937 siglis
461 3790 596 3940 scriptds
616 3862 695 3927 erat,
717 3849 827 3915 nullius
837 3785 1002 3917 pmomebd
1018 3852 1166 3919 habenda
1193 3920 1195 3924 .

48 3935 108 4002 erit
149 3940 295 4028 Uterque
316 3938 415 4026 igitur
435 3937 539 4016 locus,
561 3959 603 4002 ne
623 3935 766 4013 dubites,
788 3931 902 4001 eudem
924 3937 1035 4024 spatio,
1061 3937 1095 4004 id
1117 3949 1166 4006 eet

47 4039 103 4086 nno
135 4024 210 4127 folio
230 4025 477 4128 ‘continebatnp
515 4021 603 4111 quod
634 4043 709 4122 aum
739 4020 839 4122 altera
872 4035 1164 4126 connexumuerass

48 4104 800 4271 ptlpplpmupnppraspdprdclpgu‹ppllptcappmplpppppirp
819 4106 1166 4263 dlacgddtsrs'eddmsddthd

48 4270 122 4344 hunc
142 4279 246 4350 locum
269 4281 461 4350 confusionis
487 4279 556 4345 libri
577 4278 675 4365 quinti
697 4277 807 4347 literae
827 4295 866 4344 ea
890 4288 1018 4350 utantur
1039 4280 1165 4346 circiter

48 4356 420 4454 MMMMMMMOCCC,
440 4365 474 4436 id
495 4376 544 4434 est
566 4374 615 4433 ter
633 4364 855 4432 mmccccl,
890 4364 943 4434 vl.
986 4363 1097 4432 Facile
1116 4363 1163 4430 in-
