2866 4812
499 174 536 274 t·
566 188 797 268 97—103.
982 125 984 132 ’
1121 175 1200 254 aar

60 363 151 454 l'ni,
180 360 331 455 fuero,
359 358 402 432 de
424 359 560 433 intectis
582 387 691 454 sum,
720 357 815 458 qnod
835 385 933 432 nunc
952 358 1091 456 dicitnr,
1119 361 1203 436 olim

60 460 250 538 dicebatur
274 487 371 534 esum
398 463 493 534 etin
518 460 677 535 omuibus
699 463 859 559 personis
883 461 1079 555 constabat,
1107 464 1202 561 quod
1252 479 1258 487 ’

59 563 292 656 dicebantur,
329 588 474 657 esum,
514 589 582 655 es,
618 574 707 636 est:
749 588 887 656 eram,
924 589 1047 656 eraS,
1082 576 1265 660 eratqu-

58 692 162 758 ero,
196 667 307 755 eris,
339 665 447 736 erit:
486 665 537 736 sic
560 663 801 738 huiuscemodi
828 677 941 739 cetera
962 688 1100 740 servare
1120 689 1278 754 ana-rm)
1362 709 1367 722 ·

59 768 186 866 logian
212 764 358 838 videbis.
404 807 408 814 ·
824 771 857 792 ”
968 779 972 787 ’

179 863 270 939 101.
315 867 433 940 Etiam
468 864 537 938 boo
574 866 852 964 reprehendunt,
898 868 992 964 quod
1033 866 1263 966 quaedam58

59 969 175 1042 verba
211 992 324 1066 neque
371 993 536 1065 personas
574 969 704 1043 babent
747 980 864 1042 ternas
900 994 1013 1067 neque
1047 981 1202 1068 tempora

59 1083 181 1142 terna.
223 1069 445 1168 Idlimperite
465 1070 734 1168 reprehendunt,
760 1081 799 1142 ut
822 1072 853 1142 si
872 1072 953 1167 quis
973 1069 1203 1166 reprehendat

59 1183 248 1264 naturam,
282 1170 377 1267 quod
405 1197 475 1243 non
506 1171 704 1244 uniusmodi
729 1171 870 1243 tinxerit
895 1171 1051 1243 animalis
1074 1174 1197 1244 omnis.

58 1273 102 1346 Si
130 1275 227 1346 euim
253 1282 375 1343 natura
405 1298 476 1346 non
502 1299 621 1346 omnes
646 1273 777 1345 formae
799 1270 984 1345 verborum
1016 1282 1115 1345 terna
1138 1270 1199 1344 ha·

58 1371 173 1448 beant
198 1385 374 1471 tempora,
410 1383 528 1446 ternas
559 1399 746 1471 personas:
786 1400 857 1445 non
883 1371 1034 1446 habeant
1057 1373 1200 1446 totidem

57 1473 252 1548 verborum
274 1476 479 1570 divisiones3
506 1500 613 1573 quare
627 1501 707 1547 cum
721 1477 944 1572 imperamus,
961 1485 1084 1546 natura
1104 1474 1200 1574 quod

56 1577 197 1649 infecta
222 1575 328 1648 verba
354 1576 467 1648 solum
493 1573 616 1669 habet,
645 1602 726 1648 cum
752 1587 787 1648 et
810 1579 983 1674 praesenti
1008 1587 1043 1649 et
1066 1574 1200 1648 absenti

55 1680 296 1776 imperamus,
335 1676 424 1750 liunt
454 1688 573 1771 terna,
608 1689 648 1748 ut
680 1677 802 1776 lege,
842 1676 1006 1776 legito,
1044 1678 1196 1776 legat3

54 1777 259 1876 perfectum
286 1780 378 1851 enim
408 1780 554 1874 imperat
585 1804 708 1868 uerno:
747 1790 865 1850 contra
892 1804 982 1876 quac
1005 1790 1087 1852 suut
1108 1778 1198 1850 indi·

58 1879 199 1972 candi*,
231 1890 271 1951 ut
301 1879 423 1978 lego,
460 1880 599 1978 legis,
637 1880 771 1980 legit,
808 1905 944 1961 novena
965 1864 1063 1952 'liunt
1091 1877 1257 1963 verbam

57 1981 207 2074 infecti,
243 2007 378 2052 novena
405 1980 563 2077 perlecti.
735 1977 827 2062 102.
869 1981 1047 2073 Quocirca
1072 2005 1143 2053 nou
1168 1977 1258 2070 sig-9

58 2109 177 2182 genus
212 2105 292 2153 cum
327 2107 453 2180 genere
491 2081 685 2180 discrepat,
732 2082 794 2155 sed
830 2083 866 2154 in
899 2109 965 2157 suo
1001 2083 1195 2180 quoiusque
1204 2104 1257 2154 15'4
1351 2075 1352 2082 ¹

59 2207 192 2282 genere
228 2185 259 2254 si
292 2182 376 2280 quid
410 2182 525 2277 deest,
561 2183 819 2280 requirendum.
881 2181 943 2256 Ad
968 2184 1054 2257 baec
1080 2183 1197 2258 addita

61 2289 90 2356 si
123 2295 231 2356 erunt
264 2309 304 2376 ea
338 2309 428 2380 quac
463 2283 506 2356 de
542 2282 776 2356 nominatibus
818 2309 925 2380 supra
962 2295 1046 2356 sunt
1080 2284 1193 2376 dicta,

61 2386 205 2459 facilins
240 2387 355 2457 omnia
390 2385 581 2456 solventur.
642 2385 735 2458 Nam
758 2395 798 2456 ut
828 2386 901 2457 illic
926 2387 1058 2458 externi
1091 2396 1197 2483 caput

62 2500 184 2560 rectus
219 2511 341 2579 casus,
384 2489 434 2558 sie
464 2485 523 2557 hic
556 2487 594 2557 in
623 2485 735 2559 forma
768 2497 820 2558 cst
851 2511 999 2583 persona
1030 2487 1103 2559 eius
1134 2489 1196 2583 qui

60 2589 232 2687 loquitur,
261 2598 297 2660 et
321 2599 457 2685 tempus
484 2614 659 2685 praesens,
684 2597 725 2658 ut
745 2587 873 2679 scribo,
896 2589 987 2690 lego.
1099 2585 1192 2660 105.

62 2690 185 2781 Quare
210 2702 250 2764 ut
273 2689 345 2761 illic
367 2689 428 2783 fit,
466 2693 498 2762 si
520 2691 578 2762 hic
600 2691 680 2762 item
706 2689 930 2762 cecideritin
955 2690 1122 2785 formula,
1156 2701 1197 2762 ut

61 2803 121 2864 eut
148 2802 255 2890 caput
274 2819 345 2864 non
367 2794 431 2882 sit,
460 2803 519 2864 aul
539 2819 583 2864 ex
607 2791 719 2866 alieno
739 2818 866 2891 genere
886 2793 938 2865 sit
953 2795 1192 2892 proportione:

63 2894 208 2988 eadem,
245 2919 334 2993 quae
365 2893 438 2966 illic
471 2892 641 2988 diximus,
678 2920 768 2994 quor
792 2892 1014 2969 nibilominus
1041 2905 1197 2969 servetur
1242 2906 1246 2914 ’

63 3096 122 3151 ntltl
142 3099 240 3152 diserte
258 3099 439 3167 memoratur).
475 3098 573 3153 Deesse
597 3098 693 3166 aliquid
717 3095 794 3152 facile
812 3097 992 3152 concesserim.
1125 3097 1196 3150 dice-

66 3167 177 3240 bantur]
198 3172 232 3223 G.
268 3169 406 3225 dicebatur
424 3175 486 3244 cett.

177 3261 250 3326 101.
274 3274 334 3344 boc]
353 3293 396 3346 vg.
440 3277 469 3329 in
486 3277 536 3330 hoc
554 3277 629 3333 codd.
761 3275 898 3346 animulis]
918 3265 994 3331 codd.
1035 3273 1196 3329 arzimanteis

64 3350 129 3402 coni.
154 3349 323 3414 Augustinus.
471 3349 576 3422 infecta
593 3346 684 3416 verba]
709 3351 743 3402 G.
779 3347 886 3420 infecto
904 3348 956 3402 Ha.
996 3345 1137 3416 infectabc
1154 3347 1196 3411 R,

65 3421 131 3472 unde
149 3421 275 3487 Spengel.
293 3419 401 3472 Emend.
416 3421 490 3474 Van.
510 3441 535 3491 p.
551 3427 594 3474 to.
614 3423 702 3474 effecit
718 3419 816 3492 infecti
832 3417 922 3472 verba.
1033 3428 1062 3467 et
1080 3415 1195 3482 absenti]

65 3491 99 3540 G.
116 3497 146 3543 ut
159 3491 270 3555 videtur,
286 3493 354 3544 elcut
365 3507 408 3556 vg.
445 3501 496 3543 aur
515 3499 575 3546 cett.
588 3493 663 3547 codd.
745 3489 906 3557 indicandi*]
923 3491 1057 3558 proposuit
1071 3490 1195 3558 Spengel.
1272 3501 1273 3504 ’

65 3558 212 3630 imperandi
229 3561 303 3616 codd.
343 3559 458 3633 fatendi
474 3581 516 3632 vg.

178 3645 250 3717 102.
276 3668 435 3742 quoiusque]
454 3674 521 3726 coni.
539 3673 641 3742 scripsi.
677 3670 790 3744 quisque
809 3667 888 3723 codd.
1005 3664 1197 3735 nominantur]

67 3739 130 3790 coni.
156 3739 280 3808 Spengel.
306 3741 416 3796 Emend.
433 3745 507 3798 Varr.
527 3763 553 3815 p.
564 3749 590 3798 6.
633 3741 804 3796 nominativis
822 3739 898 3793 codd.
1035 3737 1130 3806 supra]
1149 3737 1196 3804 IX,

68 3811 111 3860 75.
128 3825 185 3876 sqq.
219 3853 223 3862 ,
307 3814 423 3880 externa]
443 3817 519 3868 codd.
555 3825 702 3866 extremum
718 3830 761 3880 vg.
797 3813 951 3877 Quanquam
967 3809 1032 3864 illud
1051 3827 1102 3864 non
1121 3811 1196 3878 plane

68 3893 142 4002 &plau
159 3896 259 4002 casspm
278 3891 333 4008 opt,
355 3885 445 3940 dubito
463 3894 563 3953 tamen,
588 3903 621 3940 an
639 3885 708 3939 aliud
726 3885 859 3954 scripserit
876 3885 968 3938 Varro.
1095 3881 1195 3946 rectus]

120 3967 142 4004 0.
179 3970 221 4004 rec
236 3971 264 4006 OS
304 3995 311 4008 .

176 4037 247 4106 103.
274 4053 309 4120 si]
328 4053 390 4108 GH.
427 4053 465 4106 ric
483 4055 529 4108 Fe.
659 4051 862 4124 properiore]
886 4051 962 4104 Hauc
983 4051 1063 4120 μέσην
1089 4045 1197 4119 στιγμήν

70 4119 152 4176 Inveni
175 4127 329 4190 arbItratus,
353 4125 411 4180 hinc
428 4127 542 4195 incipere
560 4126 692 4196 apodesIu.
738 4125 839 4176 Eadem
864 4125 976 4192 elliptice
1001 4123 1098 4176 dictum
1120 4137 1197 4175 sensu

71 4188 131 4246 hoc:
155 4198 244 4251 eadem
263 4197 391 4250 valebunt.
428 4198 602 4268 Propertione
620 4199 675 4252 sine
693 4195 821 4250 adiectivo
838 4195 905 4261 dici,
930 4210 963 4248 ex
986 4195 1051 4248 locis
1075 4193 1108 4246 nd
1128 4191 1197 4256 VIII,

72 4264 112 4316 68.
137 4271 232 4323 notatio
250 4275 367 4338 apparet.
483 4269 738 4338 diximuslacripsi,
758 4268 881 4322 euadente
899 4267 1049 4340 Spengello.
1087 4264 1198 4314 dicimur
