2890 4820
232 262 372 320 XXXVIII
511 225 515 239 ,
660 223 942 312 rnunuadru
1024 263 1026 270 ’

234 442 367 522 propter
392 429 605 494 ecflorescere
633 426 797 492 effrenati:
826 424 860 491 id
880 425 992 491 iniuria
1015 425 1133 493 factum
1155 433 1214 490 est,
1263 415 1366 490 Prae-

233 518 377 585 verbium
398 513 486 590 euim,
503 534 542 578 eo
567 511 670 598 magis
691 512 851 598 integram
873 521 979 578 servat
1004 509 1138 576 formam
1164 531 1271 589 suam,
1300 530 1366 596 quo

232 604 336 670 minus
354 612 421 669 tum
440 597 561 664 diutino
580 619 655 676 usu,
676 609 743 665 tum
762 597 942 684 significatu
961 619 1033 663 curn
1051 597 1148 660 verbo
1167 593 1369 660 coalescente

114 719 117 726 ’
232 687 435 778 peculiarem
456 683 514 753 sibi
543 682 602 750 vim
633 693 667 750 et
683 683 870 785 'potentiam
899 681 1020 763 amisit;
1054 704 1138 770 quae
1165 703 1237 746 curn
1267 681 1367 746 multo

234 798 287 842 ma
312 774 339 839 is
369 769 542 858 conspicua
570 781 654 836 esset
683 791 716 834 m
743 767 868 835 conlata
894 780 927 835 et
955 770 1186 845 ecflorescere,
1240 787 1313 830 uam
1335 765 1368 830 in

235 796 362 948 colVega
380 866 413 922 et
429 855 611 935 effrenatis,
633 853 727 920 etiam
748 852 966 942 pronunciatio
988 853 1112 918 diversa
1130 873 1201 918 esse
1217 789 1369 918 debebat.

344 941 383 1008 In
402 962 467 1006 una
487 952 592 1008 tamen
614 961 651 1005 re
673 939 746 1005 mihi
768 962 830 1006 non
859 939 1040 1006 constitisse
1061 937 1211 1016 videbor,
1239 936 1312 1001 dico
1334 936 1367 1002 in

235 1053 294 1109 eo,
323 1026 527 1116 quodetiam
554 1023 638 1092 nullo
664 1023 778 1092 codice
801 1023 971 1091 addicente
995 1024 1157 1090 literarum
1183 1045 1254 1090 com
1279 1021 1369 1088 lenus

233 1115 295 1180 VII
325 1125 359 1180 et
385 1113 479 1188 QVU
507 1111 623 1178 mutavi
651 1110 683 1176 in
712 1111 772 1179 VO
800 1120 833 1177 et
856 1111 887 1176 in
913 1110 1005 1186 QVO
1033 1123 1088 1176 aut
1111 1109 1182 1175 GU.
1271 1108 1368 1174 tenim

141 1271 147 1280 ,
235 1198 403 1266 videbatur
425 1197 502 1263 mihi
527 1197 609 1264 haec
629 1217 681 1262 res
707 1197 748 1262 ab
772 1195 829 1264 illis
852 1196 1043 1283 aliquantum
1067 1195 1203 1274 distare,
1233 1216 1306 1259 cum
1329 1217 1370 1260 ex

234 1285 374 1374 genuina
402 1284 606 1351 consonantis
634 1282 666 1348 U
695 1282 956 1370 pronunciatione
986 1292 1159 1384 appareat,
1191 1301 1306 1346 aevum
1337 1291 1370 1346 et

235 1380 413 1458 sequuntur
437 1391 478 1434 ne
497 1392 557 1448 ore
578 1366 706 1456 quidem
729 1369 875 1434 Romano
900 1367 1037 1456 prolerrr
1064 1366 1214 1456 potuisse.
1264 1369 1371 1452 Atque

233 1457 392 1522 habentur
421 1455 516 1520 etiam
543 1453 575 1518 iu
604 1451 689 1518 libris
718 1453 869 1521 Varronis
896 1453 1136 1540 manuscriptis,
1172 1449 1308 1516 maxime
1336 1451 1370 1516 in

235 1541 439 1614 Florentino,
460 1537 558 1604 multa
573 1561 669 1604 verae
689 1550 722 1605 et
741 1540 890 1627 antiquae
906 1539 1084 1626 scripturae
1102 1537 1264 1624 exempla,
1284 1535 1372 1603 velut
1432 1593 1433 1598 ,

233 1650 292 1711 ea,
323 1648 406 1715 quae
426 1625 604 1691 sexcenties
627 1637 812 1706 recurrunt,
838 1625 981 1712 quoius,
1010 1623 1107 1712 quoi,
1135 1645 1253 1711 quom,
1283 1643 1371 1708 quor

235 1713 348 1797 (ouius
362 1711 434 1776 loco
449 1733 504 1776 sae
528 1734 546 1776 e
561 1721 647 1777 extat
658 1732 748 1798 quur
762 1732 953 1798 nunquama
969 1732 1020 1774 me
1032 1705 1233 1793 admissum),
1252 1705 1371 1772 deinde

235 1797 308 1862 volt
328 1795 377 1876 X,
393 1795 464 1875 53,
484 1735 590 1860 clivos
609 1795 656 1876 X,
672 1796 743 1861 158.
766 1793 1037 1885 (propterquod,
1062 1817 1133 1860 oum
1154 1792 1371 1859 accusativum
1432 1845 1433 1876 ,

236 1891 402 1968 putarent,
423 1879 539 1946 librarii
558 1881 653 1948 etiam
668 1879 847 1945 Publicios
865 1879 1095 1966 scripserunt),
1117 1877 1308 1944 irruburvom
1328 1899 1372 1942 en
1432 1885 1433 1892 ’

236 1967 378 2056 ¹vestIgiis
400 1965 546 2032 codicum
564 1978 687 2033 erutum
703 1966 741 2044 V,
755 1966 837 2046 127,
859 1963 1029 2052 obliquent
1051 1967 1092 2043 X,
1103 1967 1165 2045 50,
1184 1963 1371 2050 loquentur

237 2051 305 2132 IX,
325 2055 376 2118 85.
427 2051 591 2115 Relicum
616 2052 714 2117 habes
736 2050 815 2130 Vll,
837 2053 888 2118 69.
914 2048 972 2116 sed
999 2048 1372 2128 delicuumVIl,106.
1432 2055 1433 2102 l

238 2139 295 2219 (ut
315 2136 489 2201 relicuum
513 2136 611 2202 semel
635 2146 722 2203 extat
747 2136 833 2224 apud
855 2136 1046 2202 Ciceronem
1070 2133 1111 2200 de
1131 2134 1173 2201 R,
1191 2133 1259 2217 R),
1314 2133 1373 2196 Se·
1432 2189 1433 2192 ,

238 2233 391 2308 queratur
418 2219 537 2307 legitur
567 2221 710 2302 x,·71.,
749 2233 915 2286 secuntur
944 2221 1039 2302 VIII,
1060 2222 1131 2299 25,
1169 2232 1324 2284 mutatum
1353 2241 1373 2282 a

237 2303 397 2395 plerisque
416 2305 448 2370 iu
470 2317 635 2372 seruntur
657 2308 695 2389 V,
716 2304 786 2385 33,
817 2317 851 2373 et
872 2305 960 2385 alibi,
990 2307 1028 2387 V,
1050 2307 1128 2385 88,
1150 2305 1373 2390 insequitur,

239 2391 327 2479 quod
356 2390 538 2458 lineolarum
573 2414 706 2458 numero
742 2391 784 2457 illi
819 2402 1032 2478 exaequatur,
1074 2403 1108 2476 ut
1145 2399 1314 2454 cocuntur
1340 2388 1373 2452 in

236 2477 397 2564 coquitur
419 2477 458 2556 V,
479 2479 531 2542 98.
575 2480 679 2567 Atque
701 2476 843 2543 librarios
863 2477 1033 2544 innumeris
1054 2475 1131 2541 locis
1149 2498 1189 2540 ex
1208 2484 1374 2536 secuntur

237 2560 354 2628 secisse
381 2573 591 2647 sequuntur,
619 2564 693 2629 hinc
714 2585 843 2650 quoque
863 2563 1064 2648 intelligitur,
1094 2561 1180 2648 quod
1201 2557 1298 2636 VIII,
1321 2560 1374 2624 58.

238 2647 292 2711 ubi
315 2647 445 2712 verbum
467 2667 541 2708 ceco
565 2658 597 2714 et
616 2671 708 2712 secor·
732 2649 919 2735 requiritur,
949 2648 1018 2712 libri
1046 2647 1188 2734 plerique
1213 2667 1315 2728 aequo
1341 2659 1375 2709 et

238 2752 361 2816 sequor
389 2729 438 2796 vel
464 2728 573 2796 similia
601 2731 780 2800 ostendunt.
831 2733 927 2798 Nunc
952 2733 1062 2798 vellem
1089 2745 1195 2798 tamen
1223 2730 1320 2794 etiam
1341 2730 1373 2795 in

238 2814 364 2880 haere
384 2815 488 2880 minus
514 2813 660 2884 curiosus
683 2819 830 2896 fuissem,
860 2820 995 2904 primum
1021 2818 1095 2904 quia
1120 2839 1218 2905 saepe
1240 2813 1373 2881 dubium

240 2911 307 2979 est,
346 2900 438 2974 QVO
468 2921 507 2966 au
539 2903 599 2968 GU
629 2904 781 2992 scriptum
811 2903 925 2982 fuerit,
962 2916 1029 2972 turn
1060 2903 1149 2991 quia,
1181 2899 1270 2990 quod
1297 2901 1373 2966 milri

239 3007 488 3073 proposueram,
516 2985 622 3056 literas
645 2988 686 3055 ad
707 2991 861 3071 rationem
882 2991 963 3054 illam
986 2990 1135 3076 exigere,
1157 2989 1188 3054 iu
1210 2988 1375 3054 sententiis

240 3071 365 3137 defixus
401 3094 465 3137 non
500 3094 573 3139 raro
607 3077 722 3143 oblitus
756 3099 836 3140 sum.
912 3075 968 3142 Sic
1001 3076 1137 3141 Varroni
1171 3071 1375 3139 reddendum

239 3157 345 3222 suerat
365 3155 413 3223 his
434 3157 529 3224 locis:
556 3161 596 3241 V,
615 3160 1070 3229 39.42.146.148.161,173.
1093 3161 1154 3240 VI,
1171 3162 1222 3226 21.
1248 3159 1326 3239 VII,
1345 3159 1376 3224 3.

242 3242 425 3323 v111,67.‚
454 3263 570 3344 arvoe,
596 3249 777 3334 antiquom
798 3245 847 3310 vel
867 3247 1041 3326 anticum,
1070 3269 1188 3334 equom
1210 3243 1257 3312 vel
1277 3267 1377 3346 ecum

240 3330 1375 3504 III,IIIIIIIIIIIIIIII,IIIIIIIIIIaIIIi
1432 3447 1433 3452 κ

240 3497 291 3578 II,
313 3501 343 3567 7.
371 3501 467 3586 ptr.
488 3500 540 3564 78.
570 3500 621 3565 ed.
646 3501 836 3587 Francol),
869 3527 1004 3582 cavom,
1038 3527 1174 3582 novom,
1207 3503 1376 3566 tritavom
1432 3547 1433 3552 η

242 3593 275 3648 et
294 3595 451 3664 atavam,
479 3585 705 3650 accusativos.
757 3586 825 3653 Sed
851 3588 883 3651 in
910 3589 979 3676 ipso
1007 3589 1058 3653 illo
1087 3611 1206 3652 novom
1234 3588 1377 3652 incertus

242 3667 432 3747 haerebam,
467 3669 555 3735 sicne
583 3671 785 3738 scribendum
814 3683 899 3738 esset
925 3697 966 3738 an
997 3672 1083 3760 quod
1111 3674 1212 3761 primo
1242 3684 1378 3760 aspectu

242 3753 384 3818 mirabile
406 3753 530 3820 videtur
554 3779 668 3820 noum.
720 3759 831 3824 Habet
854 3757 888 3823 id
910 3769 1016 3826 tamen
1038 3759 1142 3838 codex
1162 3762 1205 3827 Η.
1232 3758 1294 3834 v1,
1312 3761 1377 3838 59,

242 3851 338 3927 atque
359 3839 546 3906 simillimum
569 3840 603 3905 id
624 3852 672 3909 est
696 3843 819 3912 formae
840 3841 940 3908 boum
961 3855 1011 3927 et,
1042 3844 1127 3936 qnod
1150 3844 1235 3934 apud
1259 3845 1378 3912 Varro-

243 3948 316 3989 nem
345 3925 439 4004 VIII,
468 3927 520 3990 74.
550 3937 654 4008 extat,
693 3930 813 4009 Ioum,
852 3952 893 3995 ex
921 3932 1035 4017 quibus
1064 3931 1214 4017 exemplis
1245 3931 1378 4018 intelligi

243 4009 386 4088 videtur,
418 4009 513 4077 etiarn
543 4012 741 4100 complexum
770 4015 932 4081 literarum
955 4017 1048 4082 0V0
1077 4016 1226 4083 habuisse
1249 4017 1388 4104 aliquid,

267 4118 307 4159 uo
337 4095 536 4162 delicatiores
564 4122 657 4165 aures
688 4100 885 4177 offenderet,
914 4102 959 4168 ita
988 4115 1024 4169 ut
1052 4102 1152 4169 altero
1175 4103 1206 4170 U
1234 4103 1311 4170 eliso
1341 4126 1380 4169 ex

276 4181 336 4248 VII
359 4180 468 4246 facere
491 4181 617 4251 mallent
639 4185 712 4251 0U.
1154 4225 1155 4230 κ

245 4350 251 4365 1
357 4266 430 4368 lVou
448 4267 550 4334 minus
568 4271 742 4338 fluctuasse
759 4269 937 4352 interdum,
959 4272 1080 4352 fateor,
1101 4270 1252 4339 iudicium
1273 4298 1380 4342 meum

244 4373 275 4452 m
304 4351 480 4420 scrrbeudis
511 4355 645 4422 Graecis
664 4356 834 4425 ,Latinisve
863 4357 991 4444 literis·
1026 4359 1061 4424 Io
1088 4358 1268 4431 universum
1298 4361 1383 4428 hanc
