<?xml version="1.0" encoding="UTF-8"?>
<!DOCTYPE html PUBLIC "-//W3C//DTD XHTML 1.0 Transitional//EN"
    "http://www.w3.org/TR/xhtml1/DTD/xhtml1-transitional.dtd">
<html xmlns="http://www.w3.org/1999/xhtml" xml:lang="en" lang="en">
 <head>
  <title>
</title>
<meta http-equiv="Content-Type" content="text/html;charset=utf-8" />
  <meta name='ocr-system' content='tesseract 3.04.00' />
  <meta name='ocr-capabilities' content='ocr_page ocr_carea ocr_par ocr_line ocrx_word'/>
</head>
<body>
  <div class='ocr_page' id='page_1' title='image "./mterentivarroni00mlgoog/mterentivarroni00mlgoog_0250.png"; bbox 0 0 2866 4812; ppageno 0'>
   <div class='ocr_carea' id='block_1_1' title="bbox 260 252 993 331">
    <p class='ocr_par' dir='ltr' id='par_1_1' title="bbox 260 252 993 331">
     <span class='ocr_line' id='line_1_1' title="bbox 260 252 993 331; baseline -0.015 0"><span class='ocrx_word' id='word_1_1' title='bbox 260 252 339 331; x_wconf 72' lang='lat'><strong>192</strong></span> <span class='ocrx_word' id='word_1_2' title='bbox 551 285 563 312; x_wconf 58' lang='grc' dir='ltr'>κ</span> <span class='ocrx_word' id='word_1_3' title='bbox 634 276 758 322; x_wconf 79' lang='lat' dir='ltr'><strong>tisun</strong></span> <span class='ocrx_word' id='word_1_4' title='bbox 788 275 993 324; x_wconf 55' lang='lat' dir='ltr'><strong>octavus.</strong></span> 
     </span>
    </p>
   </div>
   <div class='ocr_carea' id='block_1_2' title="bbox 199 436 1418 1047">
    <p class='ocr_par' dir='ltr' id='par_1_2' title="bbox 200 436 1383 536">
     <span class='ocr_line' id='line_1_2' title="bbox 200 436 1383 536; baseline -0.012 -11"><span class='ocrx_word' id='word_1_5' title='bbox 200 444 344 535; x_wconf 75' lang='lat' dir='ltr'><strong>medas,</strong></span> <span class='ocrx_word' id='word_1_6' title='bbox 380 437 585 532; x_wconf 67' lang='lat' dir='ltr'><strong>tisun,</strong></span> <span class='ocrx_word' id='word_1_7' title='bbox 624 449 678 512; x_wconf 85' lang='lat' dir='ltr'><strong>est</strong></span> <span class='ocrx_word' id='word_1_8' title='bbox 709 439 822 529; x_wconf 76' lang='lat' dir='ltr'><strong>eninr,</strong></span> <span class='ocrx_word' id='word_1_9' title='bbox 862 448 900 510; x_wconf 87' lang='lat' dir='ltr'><strong>ut</strong></span> <span class='ocrx_word' id='word_1_10' title='bbox 933 437 1081 536; x_wconf 52' lang='lat' dir='ltr'><strong>eisqui,</strong></span> <span class='ocrx_word' id='word_1_11' title='bbox 1123 436 1177 511; x_wconf 85' lang='lat' dir='ltr'><strong>his</strong></span> <span class='ocrx_word' id='word_1_12' title='bbox 1208 441 1309 536; x_wconf 84' lang='lat' dir='ltr'><strong>quls3</strong></span> <span class='ocrx_word' id='word_1_13' title='bbox 1348 465 1383 512; x_wconf 88' lang='lat' dir='ltr'><strong>ac</strong></span> 
     </span>
    </p>

    <p class='ocr_par' dir='ltr' id='par_1_3' title="bbox 201 529 1384 640">
     <span class='ocr_line' id='line_1_3' title="bbox 201 529 1384 640; baseline -0.006 -22"><span class='ocrx_word' id='word_1_14' title='bbox 201 549 351 621; x_wconf 65' lang='lat' dir='ltr'><strong>sessioni</strong></span> <span class='ocrx_word' id='word_1_15' title='bbox 377 540 504 640; x_wconf 88' lang='lat' dir='ltr'><strong>quibus</strong></span> <span class='ocrx_word' id='word_1_16' title='bbox 529 538 644 614; x_wconf 87' lang='lat' dir='ltr'><strong>bibus.</strong></span> <span class='ocrx_word' id='word_1_17' title='bbox 675 583 678 590; x_wconf 95' lang='lat'>·</span> <span class='ocrx_word' id='word_1_18' title='bbox 715 586 744 606; x_wconf 69' lang='lat'><strong>.=</strong></span> <span class='ocrx_word' id='word_1_19' title='bbox 787 533 855 610; x_wconf 79' lang='lat'><strong>75.</strong></span> <span class='ocrx_word' id='word_1_20' title='bbox 895 537 1013 629; x_wconf 81' lang='lat' dir='ltr'><strong>Quom</strong></span> <span class='ocrx_word' id='word_1_21' title='bbox 1040 539 1196 613; x_wconf 88' lang='lat' dir='ltr'><strong>dicatur:</strong></span> <span class='ocrx_word' id='word_1_22' title='bbox 1234 540 1277 612; x_wconf 84' lang='lat' dir='ltr'><strong>du</strong></span> <span class='ocrx_word' id='word_1_23' title='bbox 1299 529 1384 638; x_wconf 85' lang='lat' dir='ltr'><strong>patri</strong></span> 
     </span>
    </p>

    <p class='ocr_par' dir='ltr' id='par_1_4' title="bbox 199 635 1418 1073">
     <span class='ocr_line' id='line_1_4' title="bbox 199 635 1383 740; baseline -0.006 -19"><span class='ocrx_word' id='word_1_24' title='bbox 199 635 478 735; x_wconf 49' lang='lat' dir='ltr'><strong>*familiam</strong></span> <span class='ocrx_word' id='word_1_25' title='bbox 513 643 543 716; x_wconf 89' lang='lat' dir='ltr'><strong>si</strong></span> <span class='ocrx_word' id='word_1_26' title='bbox 575 641 752 740; x_wconf 74' lang='lat' dir='ltr'>analogias</span> <span class='ocrx_word' id='word_1_27' title='bbox 780 641 879 737; x_wconf 89' lang='lat' dir='ltr'><strong>sequi</strong></span> <span class='ocrx_word' id='word_1_28' title='bbox 911 640 1060 738; x_wconf 86' lang='lat' dir='ltr'><strong>vellent,</strong></span> <span class='ocrx_word' id='word_1_29' title='bbox 1095 642 1210 716; x_wconf 88' lang='lat' dir='ltr'><strong>dicere</strong></span> <span class='ocrx_word' id='word_1_30' title='bbox 1235 668 1307 715; x_wconf 89' lang='lat' dir='ltr'><strong>uon</strong></span> <span class='ocrx_word' id='word_1_31' title='bbox 1332 643 1383 714; x_wconf 88' lang='lat' dir='ltr'><strong>de·</strong></span> 
     </span>
     <span class='ocr_line' id='line_1_5' title="bbox 260 740 1381 841; baseline -0.006 -18"><span class='ocrx_word' id='word_1_32' title='bbox 260 749 414 822; x_wconf 89' lang='lat' dir='ltr'><strong>buerunt</strong></span> <span class='ocrx_word' id='word_1_33' title='bbox 446 744 508 816; x_wconf 90' lang='lat' dir='ltr'><strong>bic</strong></span> <span class='ocrx_word' id='word_1_34' title='bbox 540 741 910 841; x_wconf 82' lang='lat' dir='ltr'><strong>paterfamilias,</strong></span> <span class='ocrx_word' id='word_1_35' title='bbox 951 743 1047 840; x_wconf 87' lang='lat' dir='ltr'><strong>quod</strong></span> <span class='ocrx_word' id='word_1_36' title='bbox 1079 754 1132 816; x_wconf 90' lang='lat' dir='ltr'><strong>est</strong></span> <span class='ocrx_word' id='word_1_37' title='bbox 1165 754 1205 816; x_wconf 89' lang='lat' dir='ltr'><strong>ut</strong></span> <span class='ocrx_word' id='word_1_38' title='bbox 1234 740 1381 834; x_wconf 77' lang='lat' dir='ltr'><strong>Atiniae,</strong></span> 
     </span>
     <span class='ocr_line' id='line_1_6' title="bbox 261 840 1418 940; baseline -0.006 -16"><span class='ocrx_word' id='word_1_39' title='bbox 261 849 455 940; x_wconf 87' lang='lat' dir='ltr'><strong>Scatiniae,</strong></span> <span class='ocrx_word' id='word_1_40' title='bbox 490 845 662 939; x_wconf 76' lang='lat' dir='ltr'><strong>familiae3</strong></span> <span class='ocrx_word' id='word_1_41' title='bbox 700 845 752 916; x_wconf 88' lang='lat' dir='ltr'><strong>sic</strong></span> <span class='ocrx_word' id='word_1_42' title='bbox 776 867 847 917; x_wconf 88' lang='lat' dir='ltr'><strong>una</strong></span> <span class='ocrx_word' id='word_1_43' title='bbox 872 840 1017 936; x_wconf 75' lang='lat' dir='ltr'><strong>Atinia,</strong></span> <span class='ocrx_word' id='word_1_44' title='bbox 1043 844 1218 938; x_wconf 87' lang='lat' dir='ltr'><strong>Scatiniu,</strong></span> <span class='ocrx_word' id='word_1_45' title='bbox 1247 843 1382 917; x_wconf 85' lang='lat' dir='ltr'><strong>familia.</strong></span> <span class='ocrx_word' id='word_1_46' title='bbox 1417 917 1418 934; x_wconf 45' lang='lat'><strong>,</strong></span> 
     </span>
     <span class='ocr_line' id='line_1_7' title="bbox 260 944 1382 1047; baseline -0.007 -21"><span class='ocrx_word' id='word_1_47' title='bbox 260 954 350 1026; x_wconf 89' lang='lat' dir='ltr'><strong>Item</strong></span> <span class='ocrx_word' id='word_1_48' title='bbox 382 948 499 1047; x_wconf 87' lang='lat' dir='ltr'><strong>plures</strong></span> <span class='ocrx_word' id='word_1_49' title='bbox 536 944 899 1045; x_wconf 77' lang='lat' dir='ltr'><strong>patresfamilias</strong></span> <span class='ocrx_word' id='word_1_50' title='bbox 936 945 1051 1018; x_wconf 86' lang='lat' dir='ltr'><strong>dicero</strong></span> <span class='ocrx_word' id='word_1_51' title='bbox 1080 974 1152 1020; x_wconf 89' lang='lat' dir='ltr'><strong>non</strong></span> <span class='ocrx_word' id='word_1_52' title='bbox 1182 945 1382 1040; x_wconf 86' lang='lat' dir='ltr'><strong>debuerunt,</strong></span> 
     </span>
    </p>
   </div>
   <div class='ocr_carea' id='block_1_3' title="bbox 156 1047 1418 1968">
    <p class='ocr_par' dir='ltr' id='par_1_5' title="bbox 156 1047 1418 1968">
     <span class='ocr_line' id='line_1_8' title="bbox 263 1047 1418 1146; baseline -0.01 -20"><span class='ocrx_word' id='word_1_53' title='bbox 263 1053 326 1126; x_wconf 89' lang='lat' dir='ltr'><strong>sed</strong></span> <span class='ocrx_word' id='word_1_54' title='bbox 347 1062 386 1124; x_wconf 90' lang='lat' dir='ltr'><strong>ut</strong></span> <span class='ocrx_word' id='word_1_55' title='bbox 406 1049 557 1124; x_wconf 80' lang='lat' dir='ltr'>Sisenna</span> <span class='ocrx_word' id='word_1_56' title='bbox 578 1048 718 1140; x_wconf 81' lang='lat' dir='ltr'>scribit,</span> <span class='ocrx_word' id='word_1_57' title='bbox 746 1058 898 1146; x_wconf 86' lang='lat' dir='ltr'><strong>patres</strong></span> <span class='ocrx_word' id='word_1_58' title='bbox 925 1047 1212 1122; x_wconf 79' lang='lat' dir='ltr'><strong>familiarum.</strong></span> <span class='ocrx_word' id='word_1_59' title='bbox 1325 1048 1382 1120; x_wconf 78' lang='lat' dir='ltr'><strong>ii.</strong></span> <span class='ocrx_word' id='word_1_60' title='bbox 1417 1091 1418 1114; x_wconf 49' lang='lat' dir='ltr'><strong>i</strong></span> 
     </span>
     <span class='ocr_line' id='line_1_9' title="bbox 262 1148 1384 1252; baseline -0.005 -24"><span class='ocrx_word' id='word_1_61' title='bbox 262 1156 389 1252; x_wconf 81' lang='lat' dir='ltr'><strong>Neque</strong></span> <span class='ocrx_word' id='word_1_62' title='bbox 423 1149 604 1250; x_wconf 70' lang='lat' dir='ltr'><strong>oportebat</strong></span> <span class='ocrx_word' id='word_1_63' title='bbox 644 1148 927 1223; x_wconf 77' lang='lat' dir='ltr'><strong>consuetudinem</strong></span> <span class='ocrx_word' id='word_1_64' title='bbox 963 1161 1106 1244; x_wconf 83' lang='lat' dir='ltr'><strong>notare,</strong></span> <span class='ocrx_word' id='word_1_65' title='bbox 1154 1151 1239 1224; x_wconf 91' lang='lat' dir='ltr'><strong>alios</strong></span> <span class='ocrx_word' id='word_1_66' title='bbox 1279 1151 1384 1222; x_wconf 84' lang='lat' dir='ltr'><strong>dicere</strong></span> 
     </span>
     <span class='ocr_line' id='line_1_10' title="bbox 156 1250 1383 1352; baseline -0.007 -22"><span class='ocrx_word' id='word_1_67' title='bbox 156 1296 161 1313; x_wconf 50' lang='lat' dir='ltr'>x</span> <span class='ocrx_word' id='word_1_68' title='bbox 263 1255 389 1330; x_wconf 91' lang='lat' dir='ltr'><strong>boum</strong></span> <span class='ocrx_word' id='word_1_69' title='bbox 414 1252 672 1352; x_wconf 71' lang='lat' dir='ltr'><strong>gregcs,.alios</strong></span> <span class='ocrx_word' id='word_1_70' title='bbox 696 1250 929 1345; x_wconf 82' lang='lat' dir='ltr'><strong>bovcrum3</strong></span> <span class='ocrx_word' id='word_1_71' title='bbox 964 1263 999 1324; x_wconf 88' lang='lat' dir='ltr'><strong>et</strong></span> <span class='ocrx_word' id='word_1_72' title='bbox 1023 1254 1122 1352; x_wconf 75' lang='lat' dir='ltr'><strong>sigua</strong></span> <span class='ocrx_word' id='word_1_73' title='bbox 1147 1251 1383 1343; x_wconf 85' lang='lat' dir='ltr'><strong>aliosloum,</strong></span> 
     </span>
     <span class='ocr_line' id='line_1_11' title="bbox 264 1352 1382 1447; baseline -0.004 -17"><span class='ocrx_word' id='word_1_74' title='bbox 264 1357 353 1431; x_wconf 87' lang='lat' dir='ltr'><strong>alios</strong></span> <span class='ocrx_word' id='word_1_75' title='bbox 384 1355 617 1428; x_wconf 79' lang='lat' dir='ltr'><strong>Iouerum:</strong></span> <span class='ocrx_word' id='word_1_76' title='bbox 659 1363 871 1445; x_wconf 82' lang='lat' dir='ltr'><strong>comesset,</strong></span> <span class='ocrx_word' id='word_1_77' title='bbox 903 1362 943 1424; x_wconf 89' lang='lat' dir='ltr'><strong>ut</strong></span> <span class='ocrx_word' id='word_1_78' title='bbox 965 1352 1082 1447; x_wconf 86' lang='lat' dir='ltr'><strong>Iovis,</strong></span> <span class='ocrx_word' id='word_1_79' title='bbox 1115 1353 1236 1445; x_wconf 77' lang='lat' dir='ltr'><strong>boviS,</strong></span> <span class='ocrx_word' id='word_1_80' title='bbox 1272 1356 1382 1445; x_wconf 87' lang='lat' dir='ltr'><strong>struis,</strong></span> 
     </span>
     <span class='ocr_line' id='line_1_12' title="bbox 202 1452 1384 1550; baseline -0.007 -16"><span class='ocrx_word' id='word_1_81' title='bbox 202 1472 298 1539; x_wconf 65' lang='lat' dir='ltr'><strong>aeret</strong></span> <span class='ocrx_word' id='word_1_82' title='bbox 331 1458 473 1549; x_wconf 88' lang='lat' dir='ltr'><strong>Iovem,</strong></span> <span class='ocrx_word' id='word_1_83' title='bbox 513 1454 658 1550; x_wconf 82' lang='lat' dir='ltr'><strong>bovem,</strong></span> <span class='ocrx_word' id='word_1_84' title='bbox 696 1466 847 1545; x_wconf 83' lang='lat' dir='ltr'><strong>struem,</strong></span> <span class='ocrx_word' id='word_1_85' title='bbox 889 1452 989 1548; x_wconf 85' lang='lat' dir='ltr'><strong>I&#39;ovi,</strong></span> <span class='ocrx_word' id='word_1_86' title='bbox 1025 1454 1130 1550; x_wconf 84' lang='lat' dir='ltr'><strong>bovi,</strong></span> <span class='ocrx_word' id='word_1_87' title='bbox 1165 1457 1275 1549; x_wconf 73' lang='lat' dir='ltr'><strong>strui,</strong></span> <span class='ocrx_word' id='word_1_88' title='bbox 1314 1481 1384 1544; x_wconf 91' lang='lat' dir='ltr'><strong>nec,</strong></span> 
     </span>
     <span class='ocr_line' id='line_1_13' title="bbox 201 1554 1384 1654; baseline -0.003 -23"><span class='ocrx_word' id='word_1_89' title='bbox 201 1554 248 1566; x_wconf 57' lang='lat'><strong>&#39;⁸</strong></span> <span class='ocrx_word' id='word_1_90' title='bbox 264 1587 345 1638; x_wconf 84' lang='lat' dir='ltr'><strong>cum</strong></span> <span class='ocrx_word' id='word_1_91' title='bbox 370 1559 457 1631; x_wconf 89' lang='lat' dir='ltr'><strong>haec</strong></span> <span class='ocrx_word' id='word_1_92' title='bbox 483 1561 707 1632; x_wconf 82' lang='lat' dir='ltr'><strong>convenirent</strong></span> <span class='ocrx_word' id='word_1_93' title='bbox 727 1559 765 1630; x_wconf 90' lang='lat' dir='ltr'><strong>in</strong></span> <span class='ocrx_word' id='word_1_94' title='bbox 788 1555 940 1654; x_wconf 89' lang='lat' dir='ltr'><strong>obliquis</strong></span> <span class='ocrx_word' id='word_1_95' title='bbox 965 1556 1123 1652; x_wconf 89' lang='lat' dir='ltr'><strong>casibus,</strong></span> <span class='ocrx_word' id='word_1_96' title='bbox 1152 1557 1311 1629; x_wconf 88' lang='lat' dir='ltr'><strong>dubitare</strong></span> <span class='ocrx_word' id='word_1_97' title='bbox 1335 1557 1384 1628; x_wconf 87' lang='lat' dir='ltr'><strong>de·</strong></span> 
     </span>
     <span class='ocr_line' id='line_1_14' title="bbox 263 1655 1385 1758; baseline -0.004 -24"><span class='ocrx_word' id='word_1_98' title='bbox 263 1662 403 1734; x_wconf 86' lang='lat' dir='ltr'><strong>buerint</strong></span> <span class='ocrx_word' id='word_1_99' title='bbox 436 1661 473 1729; x_wconf 90' lang='lat' dir='ltr'><strong>in</strong></span> <span class='ocrx_word' id='word_1_100' title='bbox 507 1661 611 1732; x_wconf 90' lang='lat' dir='ltr'><strong>rectis</strong></span> <span class='ocrx_word' id='word_1_101' title='bbox 644 1655 970 1758; x_wconf 83' lang='lat' dir='ltr'><strong>propinquioribus:</strong></span> <span class='ocrx_word' id='word_1_102' title='bbox 1013 1684 1108 1732; x_wconf 85' lang='lat' dir='ltr'><strong>nunc</strong></span> <span class='ocrx_word' id='word_1_103' title='bbox 1141 1661 1179 1731; x_wconf 91' lang='lat' dir='ltr'><strong>in</strong></span> <span class='ocrx_word' id='word_1_104' title='bbox 1203 1671 1385 1732; x_wconf 69' lang='lat' dir='ltr'><strong>vconsuetu·</strong></span> 
     </span>
     <span class='ocr_line' id='line_1_15' title="bbox 264 1755 1383 1860; baseline -0.001 -25"><span class='ocrx_word' id='word_1_105' title='bbox 264 1762 366 1853; x_wconf 88' lang='lat' dir='ltr'><strong>dinc,</strong></span> <span class='ocrx_word' id='word_1_106' title='bbox 400 1760 499 1832; x_wconf 89' lang='lat' dir='ltr'><strong>aliter</strong></span> <span class='ocrx_word' id='word_1_107' title='bbox 525 1759 659 1853; x_wconf 85' lang='lat' dir='ltr'><strong>dicere,</strong></span> <span class='ocrx_word' id='word_1_108' title='bbox 687 1784 752 1858; x_wconf 87' lang='lat' dir='ltr'><strong>pro</strong></span> <span class='ocrx_word' id='word_1_109' title='bbox 774 1762 871 1834; x_wconf 92' lang='lat' dir='ltr'><strong>Iovis</strong></span> <span class='ocrx_word' id='word_1_110' title='bbox 895 1760 1074 1857; x_wconf 89' lang='lat' dir='ltr'><strong>Iuppiter,</strong></span> <span class='ocrx_word' id='word_1_111' title='bbox 1101 1773 1170 1860; x_wconf 89' lang='lat' dir='ltr'><strong>pro&#39;</strong></span> <span class='ocrx_word' id='word_1_112' title='bbox 1191 1755 1295 1835; x_wconf 88' lang='lat' dir='ltr'><strong>bovis</strong></span> <span class='ocrx_word' id='word_1_113' title='bbox 1318 1760 1383 1852; x_wconf 89' lang='lat' dir='ltr'><strong>bos,</strong></span> 
     </span>
     <span class='ocr_line' id='line_1_16' title="bbox 161 1872 1071 1968; baseline -0.003 -31"><span class='ocrx_word' id='word_1_114' title='bbox 161 1958 167 1968; x_wconf 80' lang='lat'><strong>,</strong></span> <span class='ocrx_word' id='word_1_115' title='bbox 263 1874 334 1963; x_wconf 62' lang='lat' dir='ltr'><strong>pr&#39;o⁴</strong></span> <span class='ocrx_word' id='word_1_116' title='bbox 351 1872 447 1936; x_wconf 88' lang='lat' dir='ltr'><strong>strus</strong></span> <span class='ocrx_word' id='word_1_117' title='bbox 474 1872 601 1935; x_wconf 84' lang='lat' dir='ltr'><strong>strues.</strong></span> <span class='ocrx_word' id='word_1_118' title='bbox 678 1915 680 1920; x_wconf 86' lang='lat'>-</span> <span class='ocrx_word' id='word_1_119' title='bbox 1061 1917 1071 1934; x_wconf 81' lang='grc'><strong>,</strong></span> 
     </span>
    </p>
   </div>
   <div class='ocr_carea' id='block_1_4' title="bbox 193 1988 1385 2806">
    <p class='ocr_par' dir='ltr' id='par_1_6' title="bbox 193 1988 1385 2806">
     <span class='ocr_line' id='line_1_17' title="bbox 202 1988 1384 2090; baseline 0.005 -29"><span class='ocrx_word' id='word_1_120' title='bbox 202 2006 257 2084; x_wconf 79' lang='grc'><strong>59</strong></span> <span class='ocrx_word' id='word_1_121' title='bbox 379 1988 447 2062; x_wconf 78' lang='lat'><strong>75.</strong></span> <span class='ocrx_word' id='word_1_122' title='bbox 491 1990 667 2088; x_wconf 82' lang='lat' dir='ltr'><strong>Deinceps</strong></span> <span class='ocrx_word' id='word_1_123' title='bbox 699 1989 813 2063; x_wconf 91' lang='lat' dir='ltr'><strong>dicam</strong></span> <span class='ocrx_word' id='word_1_124' title='bbox 844 1988 887 2062; x_wconf 91' lang='lat' dir='ltr'><strong>de</strong></span> <span class='ocrx_word' id='word_1_125' title='bbox 920 1989 1026 2063; x_wconf 89' lang='lat' dir='ltr'><strong>altero</strong></span> <span class='ocrx_word' id='word_1_126' title='bbox 1050 2017 1177 2090; x_wconf 72' lang='lat' dir='ltr'><strong>genere</strong></span> <span class='ocrx_word' id='word_1_127' title='bbox 1209 1992 1384 2067; x_wconf 81' lang='lat' dir='ltr'><strong>vocabulo</strong></span> 
     </span>
     <span class='ocr_line' id='line_1_18' title="bbox 241 2087 1383 2188; baseline 0 -22"><span class='ocrx_word' id='word_1_128' title='bbox 241 2119 361 2186; x_wconf 89' lang='lat' dir='ltr'><strong>·rum,</strong></span> <span class='ocrx_word' id='word_1_129' title='bbox 397 2087 435 2163; x_wconf 84' lang='lat' dir='ltr'><strong>iti</strong></span> <span class='ocrx_word' id='word_1_130' title='bbox 464 2116 535 2188; x_wconf 85' lang='lat' dir='ltr'><strong>quo</strong></span> <span class='ocrx_word' id='word_1_131' title='bbox 560 2093 797 2172; x_wconf 82' lang='lat' dir='ltr'><strong>contentiones</strong></span> <span class='ocrx_word' id='word_1_132' title='bbox 825 2089 931 2184; x_wconf 84' lang='lat' dir='ltr'><strong>fiunt,</strong></span> <span class='ocrx_word' id='word_1_133' title='bbox 968 2102 1010 2164; x_wconf 91' lang='lat' dir='ltr'><strong>ut</strong></span> <span class='ocrx_word' id='word_1_134' title='bbox 1033 2092 1200 2187; x_wconf 88' lang='lat' dir='ltr'><strong>album,</strong></span> <span class='ocrx_word' id='word_1_135' title='bbox 1229 2095 1383 2185; x_wconf 91' lang='lat' dir='ltr'><strong>albius,</strong></span> 
     </span>
     <span class='ocr_line' id='line_1_19' title="bbox 193 2194 1384 2294; baseline -0.002 -26"><span class='ocrx_word' id='word_1_136' title='bbox 193 2194 575 2290; x_wconf 63' lang='lat' dir='ltr'><strong>(smalbissimum,</strong></span> <span class='ocrx_word' id='word_1_137' title='bbox 603 2196 648 2265; x_wconf 87' lang='lat' dir='ltr'><strong>in</strong></span> <span class='ocrx_word' id='word_1_138' title='bbox 673 2207 743 2291; x_wconf 86' lang='lat' dir='ltr'><strong>quo</strong></span> <span class='ocrx_word' id='word_1_139' title='bbox 771 2195 855 2266; x_wconf 86' lang='lat' dir='ltr'><strong>item</strong></span> <span class='ocrx_word' id='word_1_140' title='bbox 880 2194 1151 2294; x_wconf 75' lang='lat' dir='ltr'><strong>analogias&#39;non</strong></span> <span class='ocrx_word' id='word_1_141' title='bbox 1176 2199 1309 2270; x_wconf 87' lang='lat' dir='ltr'><strong>servari</strong></span> <span class='ocrx_word' id='word_1_142' title='bbox 1335 2223 1384 2294; x_wconf 87' lang='lat' dir='ltr'><strong>ap-</strong></span> 
     </span>
     <span class='ocr_line' id='line_1_20' title="bbox 264 2293 1383 2396; baseline -0.002 -26"><span class='ocrx_word' id='word_1_143' title='bbox 264 2306 376 2396; x_wconf 87' lang='lat' dir='ltr'><strong>paret.</strong></span> <span class='ocrx_word' id='word_1_144' title='bbox 429 2293 521 2368; x_wconf 85' lang='lat' dir='ltr'><strong>Nam</strong></span> <span class='ocrx_word' id='word_1_145' title='bbox 548 2321 628 2367; x_wconf 89' lang='lat' dir='ltr'><strong>cum</strong></span> <span class='ocrx_word' id='word_1_146' title='bbox 654 2297 699 2380; x_wconf 84' lang='lat' dir='ltr'><strong>sit</strong></span> <span class='ocrx_word' id='word_1_147' title='bbox 720 2293 831 2368; x_wconf 85' lang='lat' dir='ltr'><strong>simile</strong></span> <span class='ocrx_word' id='word_1_148' title='bbox 859 2295 1009 2390; x_wconf 89' lang='lat' dir='ltr'><strong>salsum,</strong></span> <span class='ocrx_word' id='word_1_149' title='bbox 1045 2297 1203 2390; x_wconf 78' lang='lat' dir='ltr'><strong>caldum,</strong></span> <span class='ocrx_word' id='word_1_150' title='bbox 1241 2310 1278 2371; x_wconf 91' lang='lat' dir='ltr'><strong>et</strong></span> <span class='ocrx_word' id='word_1_151' title='bbox 1304 2299 1383 2370; x_wconf 79' lang='lat' dir='ltr'><strong>‹fica-</strong></span> 
     </span>
     <span class='ocr_line' id='line_1_21' title="bbox 204 2395 1382 2500; baseline -0.004 -27"><span class='ocrx_word' id='word_1_152' title='bbox 204 2411 322 2500; x_wconf 60' lang='lat' dir='ltr'><strong>astur</strong></span> <span class='ocrx_word' id='word_1_153' title='bbox 346 2396 390 2470; x_wconf 90' lang='lat' dir='ltr'><strong>ab</strong></span> <span class='ocrx_word' id='word_1_154' title='bbox 416 2395 470 2469; x_wconf 92' lang='lat' dir='ltr'><strong>his</strong></span> <span class='ocrx_word' id='word_1_155' title='bbox 494 2395 641 2489; x_wconf 87' lang='lat' dir='ltr'><strong>salsius,</strong></span> <span class='ocrx_word' id='word_1_156' title='bbox 676 2396 828 2487; x_wconf 87' lang='lat' dir='ltr'><strong>caldius,</strong></span> <span class='ocrx_word' id='word_1_157' title='bbox 862 2395 1106 2493; x_wconf 84' lang='lat' dir='ltr'><strong>salsissimum,</strong></span> <span class='ocrx_word' id='word_1_158' title='bbox 1139 2399 1382 2482; x_wconf 85' lang='lat' dir='ltr'><strong>caldissimum:</strong></span> 
     </span>
     <span class='ocr_line' id='line_1_22' title="bbox 264 2498 1383 2599; baseline -0.002 -25"><span class='ocrx_word' id='word_1_159' title='bbox 264 2499 386 2574; x_wconf 88' lang='lat' dir='ltr'><strong>debuit</strong></span> <span class='ocrx_word' id='word_1_160' title='bbox 417 2498 506 2592; x_wconf 91' lang='lat' dir='ltr'><strong>dici,</strong></span> <span class='ocrx_word' id='word_1_161' title='bbox 547 2501 710 2599; x_wconf 88' lang='lat' dir='ltr'><strong>quoniam</strong></span> <span class='ocrx_word' id='word_1_162' title='bbox 744 2498 855 2572; x_wconf 85' lang='lat' dir='ltr'><strong>simile</strong></span> <span class='ocrx_word' id='word_1_163' title='bbox 886 2510 939 2572; x_wconf 92' lang='lat' dir='ltr'><strong>est</strong></span> <span class='ocrx_word' id='word_1_164' title='bbox 972 2500 1123 2595; x_wconf 90' lang='lat' dir='ltr'><strong>bonum,</strong></span> <span class='ocrx_word' id='word_1_165' title='bbox 1163 2503 1315 2597; x_wconf 87' lang='lat' dir='ltr'><strong>malum,</strong></span> <span class='ocrx_word' id='word_1_166' title='bbox 1348 2499 1383 2572; x_wconf 88' lang='lat' dir='ltr'><strong>ab</strong></span> 
     </span>
     <span class='ocr_line' id='line_1_23' title="bbox 263 2600 1385 2693; baseline -0.001 -19"><span class='ocrx_word' id='word_1_167' title='bbox 263 2602 319 2674; x_wconf 91' lang='lat' dir='ltr'><strong>his</strong></span> <span class='ocrx_word' id='word_1_168' title='bbox 340 2600 467 2673; x_wconf 91' lang='lat' dir='ltr'><strong>bonius</strong></span> <span class='ocrx_word' id='word_1_169' title='bbox 489 2611 525 2673; x_wconf 86' lang='lat' dir='ltr'><strong>et</strong></span> <span class='ocrx_word' id='word_1_170' title='bbox 545 2601 683 2693; x_wconf 89' lang='lat' dir='ltr'><strong>malius,</strong></span> <span class='ocrx_word' id='word_1_171' title='bbox 706 2600 933 2674; x_wconf 92' lang='lat' dir='ltr'><strong>bonissimum</strong></span> <span class='ocrx_word' id='word_1_172' title='bbox 947 2613 989 2676; x_wconf 79' lang='lat' dir='ltr'><strong>et</strong></span> <span class='ocrx_word' id='word_1_173' title='bbox 1009 2603 1252 2678; x_wconf 90' lang='lat' dir='ltr'><strong>malissimum:</strong></span> <span class='ocrx_word' id='word_1_174' title='bbox 1283 2628 1385 2678; x_wconf 88' lang='lat' dir='ltr'><strong>nonne</strong></span> 
     </span>
     <span class='ocr_line' id='line_1_24' title="bbox 265 2697 1385 2806; baseline 0.005 -32"><span class='ocrx_word' id='word_1_175' title='bbox 265 2703 393 2776; x_wconf 89' lang='lat' dir='ltr'><strong>dicitur</strong></span> <span class='ocrx_word' id='word_1_176' title='bbox 411 2697 561 2796; x_wconf 88' lang='lat' dir='ltr'><strong>bonum,</strong></span> <span class='ocrx_word' id='word_1_177' title='bbox 588 2703 725 2795; x_wconf 90' lang='lat' dir='ltr'><strong>melius,</strong></span> <span class='ocrx_word' id='word_1_178' title='bbox 751 2703 955 2806; x_wconf 68' lang='lat' dir='ltr'><strong>optumum?</strong></span> <span class='ocrx_word' id='word_1_179' title='bbox 980 2705 1144 2802; x_wconf 79' lang='lat' dir='ltr'><strong>*malum,</strong></span> <span class='ocrx_word' id='word_1_180' title='bbox 1171 2709 1292 2806; x_wconf 86' lang='lat' dir='ltr'><strong>peius,</strong></span> <span class='ocrx_word' id='word_1_181' title='bbox 1319 2731 1385 2806; x_wconf 90' lang='lat' dir='ltr'><strong>pes·</strong></span> 
     </span>
    </p>
   </div>
   <div class='ocr_carea' id='block_1_5' title="bbox 264 2919 1386 3138">
    <p class='ocr_par' dir='ltr' id='par_1_7' title="bbox 243 2919 1386 3138">
     <span class='ocr_line' id='line_1_25' title="bbox 264 2919 1386 2998; baseline 0.001 -24"><span class='ocrx_word' id='word_1_182' title='bbox 264 2927 400 2995; x_wconf 79' lang='lat' dir='ltr'><strong>assumpsi.</strong></span> <span class='ocrx_word' id='word_1_183' title='bbox 441 2925 472 2980; x_wconf 86' lang='lat' dir='ltr'><strong>In</strong></span> <span class='ocrx_word' id='word_1_184' title='bbox 489 2926 524 2982; x_wconf 78' lang='lat' dir='ltr'><strong>G.</strong></span> <span class='ocrx_word' id='word_1_185' title='bbox 542 2919 671 2988; x_wconf 72' lang='lat' dir='ltr'><strong>fiectirem</strong></span> <span class='ocrx_word' id='word_1_186' title='bbox 696 2929 723 2976; x_wconf 86' lang='lat' dir='ltr'><strong>et</strong></span> <span class='ocrx_word' id='word_1_187' title='bbox 746 2924 783 2977; x_wconf 84' lang='lat' dir='ltr'><strong>sic</strong></span> <span class='ocrx_word' id='word_1_188' title='bbox 801 2923 824 2978; x_wconf 86' lang='lat' dir='ltr'><strong>lt.</strong></span> <span class='ocrx_word' id='word_1_189' title='bbox 844 2925 983 2994; x_wconf 80' lang='lat' dir='ltr'><strong>labique.</strong></span> <span class='ocrx_word' id='word_1_190' title='bbox 1144 2927 1209 2996; x_wconf 66' lang='lat' dir='ltr'><strong>his]</strong></span> <span class='ocrx_word' id='word_1_191' title='bbox 1227 2929 1296 2981; x_wconf 88' lang='lat' dir='ltr'><strong>coni.</strong></span> <span class='ocrx_word' id='word_1_192' title='bbox 1335 2926 1386 2998; x_wconf 87' lang='lat' dir='ltr'><strong>quis</strong></span> 
     </span>
     <span class='ocr_line' id='line_1_26' title="bbox 266 2995 1384 3138; baseline 0 -90"><span class='ocrx_word' id='word_1_193' title='bbox 266 2998 430 3138; x_wconf 41' lang='grc' dir='ltr'><strong>ἔῖἶῖμιίηβ.</strong></span> <span class='ocrx_word' id='word_1_194' title='bbox 474 2997 518 3066; x_wconf 84' lang='lat' dir='ltr'><strong>ae]</strong></span> <span class='ocrx_word' id='word_1_195' title='bbox 539 2996 631 3066; x_wconf 87' lang='lat' dir='ltr'><strong>scripsi</strong></span> <span class='ocrx_word' id='word_1_196' title='bbox 649 2995 800 3082; x_wconf 79' lang='lat' dir='ltr'><strong>Scioppium</strong></span> <span class='ocrx_word' id='word_1_197' title='bbox 818 3004 929 3051; x_wconf 88' lang='lat' dir='ltr'><strong>secutus.</strong></span> <span class='ocrx_word' id='word_1_198' title='bbox 973 3009 1005 3050; x_wconf 82' lang='lat' dir='ltr'><strong>at</strong></span> <span class='ocrx_word' id='word_1_199' title='bbox 1022 2999 1095 3052; x_wconf 73' lang='lat' dir='ltr'><strong>nna.</strong></span> <span class='ocrx_word' id='word_1_200' title='bbox 1138 3010 1165 3050; x_wconf 81' lang='lat' dir='ltr'><strong>et</strong></span> <span class='ocrx_word' id='word_1_201' title='bbox 1183 3001 1217 3078; x_wconf 66' lang='lat' dir='ltr'><strong>H,</strong></span> <span class='ocrx_word' id='word_1_202' title='bbox 1260 3009 1312 3051; x_wconf 84' lang='lat' dir='ltr'><strong>aut</strong></span> <span class='ocrx_word' id='word_1_203' title='bbox 1329 2997 1384 3052; x_wconf 88' lang='lat' dir='ltr'><strong>coni.</strong></span> 
     </span>
    </p>
   </div>
   <div class='ocr_carea' id='block_1_6' title="bbox 262 3137 1384 3463">
    <p class='ocr_par' dir='ltr' id='par_1_8' title="bbox 262 3137 1384 3463">
     <span class='ocr_line' id='line_1_27' title="bbox 377 3137 1384 3246; baseline 0.003 -19"><span class='ocrx_word' id='word_1_204' title='bbox 377 3160 431 3227; x_wconf 78' lang='lat'><strong>73.</strong></span> <span class='ocrx_word' id='word_1_205' title='bbox 450 3172 585 3244; x_wconf 67' lang='lat' dir='ltr'><strong>famina]</strong></span> <span class='ocrx_word' id='word_1_206' title='bbox 603 3173 662 3226; x_wconf 80' lang='lat' dir='ltr'><strong>sn.</strong></span> <span class='ocrx_word' id='word_1_207' title='bbox 694 3137 833 3244; x_wconf 61' lang='lat' dir='ltr'><strong>jonatam</strong></span> <span class='ocrx_word' id='word_1_208' title='bbox 849 3177 883 3228; x_wconf 81' lang='lat' dir='ltr'><strong>c.</strong></span> <span class='ocrx_word' id='word_1_209' title='bbox 916 3139 1056 3246; x_wconf 62' lang='lat' dir='ltr'><strong>famini</strong></span> <span class='ocrx_word' id='word_1_210' title='bbox 1072 3192 1096 3230; x_wconf 75' lang='lat' dir='ltr'><strong>a.</strong></span> <span class='ocrx_word' id='word_1_211' title='bbox 1132 3177 1236 3232; x_wconf 72' lang='lat' dir='ltr'><strong>nume</strong></span> <span class='ocrx_word' id='word_1_212' title='bbox 1252 3194 1303 3232; x_wconf 70' lang='lat' dir='ltr'><strong>noi</strong></span> <span class='ocrx_word' id='word_1_213' title='bbox 1319 3189 1384 3230; x_wconf 69' lang='lat' dir='ltr'><strong>anu</strong></span> 
     </span>
     <span class='ocr_line' id='line_1_28' title="bbox 266 3245 1384 3317; baseline -0.007 -13"><span class='ocrx_word' id='word_1_214' title='bbox 266 3264 323 3304; x_wconf 81' lang='lat' dir='ltr'><strong>tum</strong></span> <span class='ocrx_word' id='word_1_215' title='bbox 341 3248 495 3317; x_wconf 81' lang='lat' dir='ltr'><strong>quidquam,</strong></span> <span class='ocrx_word' id='word_1_216' title='bbox 512 3246 574 3298; x_wconf 89' lang='lat' dir='ltr'><strong>licet</strong></span> <span class='ocrx_word' id='word_1_217' title='bbox 591 3247 686 3299; x_wconf 88' lang='lat' dir='ltr'><strong>sintin</strong></span> <span class='ocrx_word' id='word_1_218' title='bbox 702 3245 757 3311; x_wconf 88' lang='lat' dir='ltr'><strong>his,</strong></span> <span class='ocrx_word' id='word_1_219' title='bbox 782 3261 849 3313; x_wconf 88' lang='lat' dir='ltr'><strong>quac</strong></span> <span class='ocrx_word' id='word_1_220' title='bbox 866 3247 1027 3301; x_wconf 77' lang='lat' dir='ltr'><strong>mirationem</strong></span> <span class='ocrx_word' id='word_1_221' title='bbox 1043 3249 1145 3301; x_wconf 76' lang='lat' dir='ltr'><strong>ianam.</strong></span> <span class='ocrx_word' id='word_1_222' title='bbox 1247 3245 1384 3312; x_wconf 69' lang='lat' dir='ltr'><strong>Santiniae]</strong></span> 
     </span>
     <span class='ocr_line' id='line_1_29' title="bbox 262 3316 1384 3463; baseline 0 -93"><span class='ocrx_word' id='word_1_223' title='bbox 262 3338 321 3463; x_wconf 63' lang='lat' dir='ltr'><strong>1ng</strong></span> <span class='ocrx_word' id='word_1_224' title='bbox 323 3428 330 3443; x_wconf 43' lang='lat'><strong>·</strong></span> <span class='ocrx_word' id='word_1_225' title='bbox 340 3316 556 3446; x_wconf 45' lang='lat' dir='ltr'><strong>gptissuspcodd.</strong></span> <span class='ocrx_word' id='word_1_226' title='bbox 592 3319 638 3371; x_wconf 84' lang='lat' dir='ltr'><strong>Sic</strong></span> <span class='ocrx_word' id='word_1_227' title='bbox 655 3323 683 3370; x_wconf 88' lang='lat' dir='ltr'><strong>et</strong></span> <span class='ocrx_word' id='word_1_228' title='bbox 698 3318 772 3373; x_wconf 82' lang='lat' dir='ltr'><strong>inira.</strong></span> <span class='ocrx_word' id='word_1_229' title='bbox 898 3318 1023 3420; x_wconf 66' lang='lat' dir='ltr'><strong>Siseuna]</strong></span> <span class='ocrx_word' id='word_1_230' title='bbox 1047 3318 1120 3373; x_wconf 90' lang='lat' dir='ltr'><strong>Idem</strong></span> <span class='ocrx_word' id='word_1_231' title='bbox 1137 3325 1248 3374; x_wconf 79' lang='lat' dir='ltr'><strong>testatur</strong></span> <span class='ocrx_word' id='word_1_232' title='bbox 1265 3321 1384 3375; x_wconf 82' lang='lat' dir='ltr'><strong>Charisius</strong></span> 
     </span>
    </p>
   </div>
   <div class='ocr_carea' id='block_1_7' title="bbox 262 3481 1421 4066">
    <p class='ocr_par' dir='ltr' id='par_1_9' title="bbox 262 3481 1421 4066">
     <span class='ocr_line' id='line_1_30' title="bbox 376 3481 1421 3566; baseline -0.008 -13"><span class='ocrx_word' id='word_1_233' title='bbox 376 3485 429 3553; x_wconf 77' lang='grc'><strong>74.</strong></span> <span class='ocrx_word' id='word_1_234' title='bbox 455 3495 589 3564; x_wconf 78' lang='lat' dir='ltr'><strong>doveram]</strong></span> <span class='ocrx_word' id='word_1_235' title='bbox 607 3494 715 3550; x_wconf 83' lang='lat' dir='ltr'><strong>Constat</strong></span> <span class='ocrx_word' id='word_1_236' title='bbox 732 3513 799 3550; x_wconf 89' lang='lat' dir='ltr'><strong>nuuc</strong></span> <span class='ocrx_word' id='word_1_237' title='bbox 823 3496 996 3550; x_wconf 82' lang='lat' dir='ltr'><strong>interiturum</strong></span> <span class='ocrx_word' id='word_1_238' title='bbox 1014 3513 1100 3552; x_wconf 84' lang='lat' dir='ltr'><strong>rerum</strong></span> <span class='ocrx_word' id='word_1_239' title='bbox 1113 3481 1307 3566; x_wconf 82' lang='lat' dir='ltr'><strong>intelligentes,</strong></span> <span class='ocrx_word' id='word_1_240' title='bbox 1330 3497 1382 3548; x_wconf 84' lang='lat' dir='ltr'><strong>haec</strong></span> <span class='ocrx_word' id='word_1_241' title='bbox 1419 3525 1421 3542; x_wconf 73' lang='grc'><strong>.</strong></span> 
     </span>
     <span class='ocr_line' id='line_1_31' title="bbox 265 3543 1421 3636; baseline -0.01 -8"><span class='ocrx_word' id='word_1_242' title='bbox 265 3577 357 3629; x_wconf 86' lang='lat' dir='ltr'><strong>relicta</strong></span> <span class='ocrx_word' id='word_1_243' title='bbox 375 3589 433 3627; x_wconf 87' lang='lat' dir='ltr'><strong>esse</strong></span> <span class='ocrx_word' id='word_1_244' title='bbox 450 3569 560 3636; x_wconf 79' lang='lat' dir='ltr'><strong>vestigia</strong></span> <span class='ocrx_word' id='word_1_245' title='bbox 576 3569 766 3635; x_wconf 82' lang='lat' dir='ltr'><strong>antiquissimae</strong></span> <span class='ocrx_word' id='word_1_246' title='bbox 784 3569 896 3621; x_wconf 89' lang='lat' dir='ltr'><strong>omnium</strong></span> <span class='ocrx_word' id='word_1_247' title='bbox 914 3571 1085 3636; x_wconf 81' lang='lat' dir='ltr'><strong>genitivorum</strong></span> <span class='ocrx_word' id='word_1_248' title='bbox 1104 3570 1273 3622; x_wconf 88' lang='lat' dir='ltr'><strong>multitudiuis</strong></span> <span class='ocrx_word' id='word_1_249' title='bbox 1289 3570 1382 3628; x_wconf 81' lang='lat' dir='ltr'><strong>formae,</strong></span> <span class='ocrx_word' id='word_1_250' title='bbox 1419 3543 1421 3592; x_wconf 50' lang='lat'>4</span> 
     </span>
     <span class='ocr_line' id='line_1_32' title="bbox 265 3638 1381 3716; baseline -0.011 -16"><span class='ocrx_word' id='word_1_251' title='bbox 265 3647 338 3700; x_wconf 87' lang='lat' dir='ltr'><strong>cuius</strong></span> <span class='ocrx_word' id='word_1_252' title='bbox 359 3645 485 3716; x_wconf 83' lang='lat' dir='ltr'><strong>primitiva</strong></span> <span class='ocrx_word' id='word_1_253' title='bbox 509 3642 610 3709; x_wconf 83' lang='lat' dir='ltr'><strong>species</strong></span> <span class='ocrx_word' id='word_1_254' title='bbox 634 3642 670 3692; x_wconf 84' lang='lat' dir='ltr'><strong>in·</strong></span> <span class='ocrx_word' id='word_1_255' title='bbox 684 3641 773 3705; x_wconf 81' lang='lat' dir='ltr'><strong>lingua</strong></span> <span class='ocrx_word' id='word_1_256' title='bbox 796 3642 898 3694; x_wconf 83' lang='lat' dir='ltr'><strong>Graeca</strong></span> <span class='ocrx_word' id='word_1_257' title='bbox 922 3647 950 3693; x_wconf 91' lang='lat' dir='ltr'><strong>et</strong></span> <span class='ocrx_word' id='word_1_258' title='bbox 965 3641 1084 3694; x_wconf 84' lang='lat' dir='ltr'><strong>Romana</strong></span> <span class='ocrx_word' id='word_1_259' title='bbox 1101 3640 1211 3695; x_wconf 77' lang='lat' dir='ltr'><strong>debebat</strong></span> <span class='ocrx_word' id='word_1_260' title='bbox 1230 3657 1287 3695; x_wconf 86' lang='lat' dir='ltr'><strong>esse</strong></span> <span class='ocrx_word' id='word_1_261' title='bbox 1303 3638 1381 3691; x_wconf 81' lang='grc' dir='ltr'><strong>ΣΩΜ.</strong></span> 
     </span>
     <span class='ocr_line' id='line_1_33' title="bbox 264 3709 1383 3784; baseline -0.009 -16"><span class='ocrx_word' id='word_1_262' title='bbox 264 3718 354 3784; x_wconf 86' lang='lat' dir='ltr'><strong>Icum]</strong></span> <span class='ocrx_word' id='word_1_263' title='bbox 373 3714 449 3773; x_wconf 85' lang='lat' dir='ltr'><strong>codd.</strong></span> <span class='ocrx_word' id='word_1_264' title='bbox 466 3713 518 3766; x_wconf 75' lang='lat' dir='ltr'><strong>nisi</strong></span> <span class='ocrx_word' id='word_1_265' title='bbox 534 3712 603 3780; x_wconf 73' lang='lat' dir='ltr'><strong>quod</strong></span> <span class='ocrx_word' id='word_1_266' title='bbox 620 3709 697 3762; x_wconf 76' lang='lat' dir='ltr'><strong>Iovin</strong></span> <span class='ocrx_word' id='word_1_267' title='bbox 715 3711 750 3772; x_wconf 76' lang='lat' dir='ltr'><strong>H.</strong></span> <span class='ocrx_word' id='word_1_268' title='bbox 785 3713 936 3779; x_wconf 82' lang='lat' dir='ltr'><strong>Iovumvg.</strong></span> <span class='ocrx_word' id='word_1_269' title='bbox 973 3713 1027 3765; x_wconf 84' lang='lat' dir='ltr'><strong>Sed</strong></span> <span class='ocrx_word' id='word_1_270' title='bbox 1040 3714 1125 3766; x_wconf 87' lang='lat' dir='ltr'><strong>Varro</strong></span> <span class='ocrx_word' id='word_1_271' title='bbox 1141 3713 1239 3767; x_wconf 87' lang='lat' dir='ltr'><strong>nonnisi</strong></span> <span class='ocrx_word' id='word_1_272' title='bbox 1258 3719 1302 3766; x_wconf 86' lang='lat' dir='ltr'><strong>aut</strong></span> <span class='ocrx_word' id='word_1_273' title='bbox 1319 3715 1383 3762; x_wconf 83' lang='lat' dir='ltr'><strong>Ioum</strong></span> 
     </span>
     <span class='ocr_line' id='line_1_34' title="bbox 265 3779 1380 3854; baseline -0.012 -13"><span class='ocrx_word' id='word_1_274' title='bbox 265 3795 311 3842; x_wconf 82' lang='lat' dir='ltr'><strong>aut</strong></span> <span class='ocrx_word' id='word_1_275' title='bbox 334 3791 424 3840; x_wconf 80' lang='lat' dir='ltr'><strong>Iovem</strong></span> <span class='ocrx_word' id='word_1_276' title='bbox 447 3785 612 3854; x_wconf 81' lang='lat' dir='ltr'><strong>pronuntiare</strong></span> <span class='ocrx_word' id='word_1_277' title='bbox 637 3789 747 3851; x_wconf 87' lang='lat' dir='ltr'><strong>poterat.</strong></span> <span class='ocrx_word' id='word_1_278' title='bbox 916 3781 1064 3850; x_wconf 78' lang='lat' dir='ltr'><strong>debuerint]</strong></span> <span class='ocrx_word' id='word_1_279' title='bbox 1082 3785 1114 3836; x_wconf 78' lang='lat' dir='ltr'><strong>F.</strong></span> <span class='ocrx_word' id='word_1_280' title='bbox 1152 3783 1297 3836; x_wconf 73' lang='lat' dir='ltr'><strong>dedicerant</strong></span> <span class='ocrx_word' id='word_1_281' title='bbox 1315 3779 1380 3834; x_wconf 82' lang='lat' dir='ltr'><strong>GHa.</strong></span> 
     </span>
     <span class='ocr_line' id='line_1_35' title="bbox 262 3849 1380 3930; baseline -0.01 -19"><span class='ocrx_word' id='word_1_282' title='bbox 262 3855 510 3930; x_wconf 82' lang='lat' dir='ltr'><strong>propinquioribus]</strong></span> <span class='ocrx_word' id='word_1_283' title='bbox 527 3871 571 3922; x_wconf 80' lang='lat' dir='ltr'><strong>vg,</strong></span> <span class='ocrx_word' id='word_1_284' title='bbox 609 3849 803 3924; x_wconf 83' lang='lat' dir='ltr'><strong>propinquibus</strong></span> <span class='ocrx_word' id='word_1_285' title='bbox 823 3853 883 3916; x_wconf 78' lang='lat' dir='ltr'><strong>GH.</strong></span> <span class='ocrx_word' id='word_1_286' title='bbox 919 3855 960 3908; x_wconf 87' lang='lat' dir='ltr'><strong>De</strong></span> <span class='ocrx_word' id='word_1_287' title='bbox 977 3855 1024 3911; x_wconf 78' lang='lat' dir='ltr'><strong>Fa·</strong></span> <span class='ocrx_word' id='word_1_288' title='bbox 1050 3857 1186 3924; x_wconf 64' lang='lat' dir='ltr'><strong>incertum.</strong></span> <span class='ocrx_word' id='word_1_289' title='bbox 1308 3849 1380 3925; x_wconf 64' lang='lat' dir='ltr'><strong>bouis]</strong></span> 
     </span>
     <span class='ocr_line' id='line_1_36' title="bbox 266 3917 1379 4000; baseline -0.004 -18"><span class='ocrx_word' id='word_1_290' title='bbox 266 3931 365 4000; x_wconf 84' lang='lat' dir='ltr'><strong>scripsi.</strong></span> <span class='ocrx_word' id='word_1_291' title='bbox 403 3927 453 3980; x_wconf 84' lang='lat' dir='ltr'><strong>bus</strong></span> <span class='ocrx_word' id='word_1_292' title='bbox 470 3925 544 3980; x_wconf 87' lang='lat' dir='ltr'><strong>codd.</strong></span> <span class='ocrx_word' id='word_1_293' title='bbox 581 3923 654 3977; x_wconf 82' lang='lat' dir='ltr'><strong>bovis</strong></span> <span class='ocrx_word' id='word_1_294' title='bbox 672 3934 700 3992; x_wconf 71' lang='lat' dir='ltr'><strong>et</strong></span> <span class='ocrx_word' id='word_1_295' title='bbox 717 3917 766 3974; x_wconf 84' lang='lat' dir='ltr'><strong>bu&#39;s</strong></span> <span class='ocrx_word' id='word_1_296' title='bbox 783 3939 827 3990; x_wconf 85' lang='lat' dir='ltr'><strong>vg.</strong></span> <span class='ocrx_word' id='word_1_297' title='bbox 941 3935 1017 3978; x_wconf 80' lang='lat' dir='ltr'><strong>etrus</strong></span> <span class='ocrx_word' id='word_1_298' title='bbox 1036 3925 1136 3993; x_wconf 82' lang='lat' dir='ltr'><strong>strues]</strong></span> <span class='ocrx_word' id='word_1_299' title='bbox 1153 3925 1256 3999; x_wconf 84' lang='lat' dir='ltr'><strong>scripsit</strong></span> <span class='ocrx_word' id='word_1_300' title='bbox 1272 3927 1379 3995; x_wconf 74' lang='lat' dir='ltr'><strong>sperge-</strong></span> 
     </span>
     <span class='ocr_line' id='line_1_37' title="bbox 266 3995 1156 4066; baseline -0.004 -12"><span class='ocrx_word' id='word_1_301' title='bbox 266 4001 323 4056; x_wconf 77' lang='lat' dir='ltr'><strong>lius.</strong></span> <span class='ocrx_word' id='word_1_302' title='bbox 360 4009 456 4054; x_wconf 78' lang='lat' dir='ltr'><strong>straus</strong></span> <span class='ocrx_word' id='word_1_303' title='bbox 473 3996 558 4049; x_wconf 81' lang='lat' dir='ltr'><strong>struis</strong></span> <span class='ocrx_word' id='word_1_304' title='bbox 574 3995 650 4050; x_wconf 86' lang='lat' dir='ltr'><strong>codd.</strong></span> <span class='ocrx_word' id='word_1_305' title='bbox 693 3995 778 4047; x_wconf 86' lang='lat' dir='ltr'><strong>struis</strong></span> <span class='ocrx_word' id='word_1_306' title='bbox 795 4005 884 4056; x_wconf 79' lang='lat' dir='ltr'><strong>strues</strong></span> <span class='ocrx_word' id='word_1_307' title='bbox 901 4013 945 4066; x_wconf 84' lang='lat' dir='ltr'><strong>vg.</strong></span> <span class='ocrx_word' id='word_1_308' title='bbox 982 3998 1022 4050; x_wconf 86' lang='lat' dir='ltr'><strong>ci.</strong></span> <span class='ocrx_word' id='word_1_309' title='bbox 1040 3995 1093 4058; x_wconf 81' lang='lat' dir='ltr'><strong>lx,</strong></span> <span class='ocrx_word' id='word_1_310' title='bbox 1111 4003 1156 4054; x_wconf 76' lang='lat' dir='ltr'><strong>to.</strong></span> 
     </span>
    </p>
   </div>
   <div class='ocr_carea' id='block_1_8' title="bbox 261 4109 1382 4404">
    <p class='ocr_par' dir='ltr' id='par_1_10' title="bbox 261 4109 1382 4404">
     <span class='ocr_line' id='line_1_38' title="bbox 378 4109 1380 4189; baseline -0.002 -17"><span class='ocrx_word' id='word_1_311' title='bbox 378 4109 430 4173; x_wconf 80' lang='grc'><strong>75.</strong></span> <span class='ocrx_word' id='word_1_312' title='bbox 454 4121 555 4189; x_wconf 83' lang='lat' dir='ltr'><strong>album]</strong></span> <span class='ocrx_word' id='word_1_313' title='bbox 574 4137 616 4188; x_wconf 81' lang='lat' dir='ltr'><strong>vg.</strong></span> <span class='ocrx_word' id='word_1_314' title='bbox 653 4117 732 4172; x_wconf 85' lang='lat' dir='ltr'><strong>albus</strong></span> <span class='ocrx_word' id='word_1_315' title='bbox 748 4119 822 4172; x_wconf 90' lang='lat' dir='ltr'><strong>codd.</strong></span> <span class='ocrx_word' id='word_1_316' title='bbox 919 4119 994 4188; x_wconf 83' lang='lat' dir='ltr'><strong>item]</strong></span> <span class='ocrx_word' id='word_1_317' title='bbox 1013 4121 1079 4174; x_wconf 88' lang='lat' dir='ltr'><strong>coni.</strong></span> <span class='ocrx_word' id='word_1_318' title='bbox 1116 4121 1147 4171; x_wconf 87' lang='lat' dir='ltr'><strong>id</strong></span> <span class='ocrx_word' id='word_1_319' title='bbox 1163 4121 1238 4176; x_wconf 84' lang='lat' dir='ltr'><strong>codd.</strong></span> <span class='ocrx_word' id='word_1_320' title='bbox 1332 4114 1380 4170; x_wconf 83' lang='lat' dir='ltr'><strong>col·</strong></span> 
     </span>
     <span class='ocr_line' id='line_1_39' title="bbox 267 4189 1379 4263; baseline -0.005 -19"><span class='ocrx_word' id='word_1_321' title='bbox 267 4189 414 4260; x_wconf 76' lang='lat' dir='ltr'><strong>dissimum]</strong></span> <span class='ocrx_word' id='word_1_322' title='bbox 436 4195 503 4249; x_wconf 85' lang='lat' dir='ltr'><strong>Post</strong></span> <span class='ocrx_word' id='word_1_323' title='bbox 519 4193 545 4249; x_wconf 82' lang='lat' dir='ltr'><strong>lt.</strong></span> <span class='ocrx_word' id='word_1_324' title='bbox 560 4209 584 4249; x_wconf 82' lang='lat' dir='ltr'><strong>v.</strong></span> <span class='ocrx_word' id='word_1_325' title='bbox 603 4193 706 4260; x_wconf 54' lang='lat' dir='ltr'><strong>sunum</strong></span> <span class='ocrx_word' id='word_1_326' title='bbox 724 4192 869 4261; x_wconf 74' lang='lat' dir='ltr'><strong>spodoseos</strong></span> <span class='ocrx_word' id='word_1_327' title='bbox 887 4193 1032 4263; x_wconf 85' lang='lat' dir='ltr'><strong>incipientis</strong></span> <span class='ocrx_word' id='word_1_328' title='bbox 1050 4194 1138 4262; x_wconf 87' lang='lat' dir='ltr'><strong>posui,</strong></span> <span class='ocrx_word' id='word_1_329' title='bbox 1166 4211 1225 4250; x_wconf 88' lang='lat' dir='ltr'><strong>eum</strong></span> <span class='ocrx_word' id='word_1_330' title='bbox 1249 4198 1321 4248; x_wconf 73' lang='lat' dir='ltr'><strong>ritca</strong></span> <span class='ocrx_word' id='word_1_331' title='bbox 1337 4189 1379 4241; x_wconf 79' lang='lat' dir='ltr'><strong>icc</strong></span> 
     </span>
     <span class='ocr_line' id='line_1_40' title="bbox 265 4260 1382 4336; baseline -0.003 -15"><span class='ocrx_word' id='word_1_332' title='bbox 265 4266 325 4321; x_wconf 85' lang='lat' dir='ltr'><strong>loco</strong></span> <span class='ocrx_word' id='word_1_333' title='bbox 342 4279 393 4316; x_wconf 87' lang='lat' dir='ltr'><strong>nou</strong></span> <span class='ocrx_word' id='word_1_334' title='bbox 412 4263 692 4332; x_wconf 59' lang='lat' dir='ltr'><strong>ostngueretumed</strong></span> <span class='ocrx_word' id='word_1_335' title='bbox 711 4263 841 4332; x_wconf 72' lang='lat' dir='ltr'><strong>postelici</strong></span> <span class='ocrx_word' id='word_1_336' title='bbox 858 4265 934 4332; x_wconf 82' lang='lat' dir='ltr'><strong>pisus</strong></span> <span class='ocrx_word' id='word_1_337' title='bbox 950 4266 1182 4336; x_wconf 77' lang='lat' dir='ltr'><strong>interpungarctur.</strong></span> <span class='ocrx_word' id='word_1_338' title='bbox 1271 4260 1382 4318; x_wconf 64' lang='lat' dir='ltr'><strong>&#39;malm</strong></span> 
     </span>
     <span class='ocr_line' id='line_1_41' title="bbox 261 4334 902 4404; baseline 0.003 -16"><span class='ocrx_word' id='word_1_339' title='bbox 261 4336 353 4404; x_wconf 81' lang='lat' dir='ltr'><strong>peius,</strong></span> <span class='ocrx_word' id='word_1_340' title='bbox 368 4334 534 4404; x_wconf 79' lang='lat' dir='ltr'><strong>pessimum&#39;]</strong></span> <span class='ocrx_word' id='word_1_341' title='bbox 552 4335 610 4390; x_wconf 89' lang='lat' dir='ltr'><strong>cod.</strong></span> <span class='ocrx_word' id='word_1_342' title='bbox 628 4335 660 4391; x_wconf 82' lang='lat' dir='ltr'><strong>B.</strong></span> <span class='ocrx_word' id='word_1_343' title='bbox 678 4351 720 4402; x_wconf 75' lang='lat' dir='ltr'><strong>vg,</strong></span> <span class='ocrx_word' id='word_1_344' title='bbox 757 4349 809 4390; x_wconf 86' lang='lat' dir='ltr'><strong>om.</strong></span> <span class='ocrx_word' id='word_1_345' title='bbox 828 4336 902 4402; x_wconf 80' lang='lat' dir='ltr'><strong>codd,</strong></span> 
     </span>
    </p>
   </div>
   <div class='ocr_carea' id='block_1_9' title="bbox 0 0 1438 4812">
    <p class='ocr_par' dir='ltr' id='par_1_11' title="bbox 0 0 1438 4812">
     <span class='ocr_line' id='line_1_42' title="bbox 0 0 1438 4812; baseline 0 0"><span class='ocrx_word' id='word_1_346' title='bbox 0 0 1438 4812; x_wconf 95' lang='lat' dir='ltr'><strong> </strong></span> 
     </span>
    </p>
   </div>
  </div>
 </body>
</html>
