2864 4814
421 175 459 276 s·
491 183 756 262 158-162·
801 129 824 258 ⁸.
1107 157 1162 258 6'5
1191 181 1194 189 ’

49 361 184 436 tabernis
208 361 419 536 qllicruntur,
448 373 482 437 et
507 330 629 439 onrrresv
652 366 687 437 in
710 335 817 438 censu
840 365 941 478 villas
962 366 1044 441 inde
1068 368 1163 444 dedi-

47 491 151 538 camus
176 489 215 538 ae
240 490 290 536 es.

146 590 236 667 161.
277 591 443 668 Cavum
465 593 645 670 aedium
669 595 821 691 dictum,
845 599 906 698 qui
927 597 1028 671 locus
1053 609 1166 673 tectius

47 697 124 766 intra
146 697 292 796 parietes
312 696 573 796 relinquebatur
602 697 763 798 patulus,
776 785 786 806 .
800 703 860 799 qui
885 711 977 775 esset
1001 701 1046 774 ad
1072 728 1166 775 com·

47 824 170 870 mutam
196 801 350 871 omnium
376 827 491 872 usum.
538 789 589 872 ln
614 799 682 874 boc
708 798 806 874 locus
828 805 858 874 si
880 801 999 876 nullus
1027 803 1166 876 relictus

46 909 125 992 erat,
153 899 217 974 sub
245 900 325 972 divo
351 903 411 1000 qui
437 899 548 996 esset,
578 901 757 977 dicebatur
782 904 963 978 testudo
989 905 1033 978 ab
1058 915 1220 1006 testu-r-er

47 999 125 1071 dinis
153 998 399 1096 similitudine,
440 1015 480 1076 ut
508 1014 561 1077 est
592 1007 630 1076 in
665 1006 838 1105 praetorio
868 1008 905 1078 iu
937 1009 1071 1080 castris.
1125 1007 1210 1081 Sira
1287 1015 1293 1026 ‘

45 1101 187 1176 relictum
215 1115 288 1177 erat
315 1107 353 1176 in
378 1104 492 1178 medio
517 1116 557 1177 ut
581 1103 695 1178 lucem
721 1115 879 1204 caperet,
916 1107 1077 1184 deorsum
1098 1135 1169 1208 quo

46 1204 221 1302 impluebat
247 1206 380 1279 dictum
400 1205 686 1306 impluvium,
714 1233 835 1278 susum
861 1233 937 1306 qua,
953 1208 1171 1308 compluebat

46 1307 353 1406 compluvium:
392 1318 579 1408 utrumque
612 1335 633 1380 a
663 1307 794 1408 pluvia.
859 1309 1172 1384 Tuscanicuur

46 1405 165 1480 dictum
201 1435 224 1490 a
254 1409 406 1503 Tuscis,
451 1421 675 1509 posteaquam
709 1411 849 1484 illorum
879 1436 1005 1484 cavum
1035 1411 1171 1484 aedium

45 1509 195 1584 simulare
217 1522 417 1609 coeperunt.
471 1510 652 1584 Atrium
676 1511 886 1612 appellatum
908 1511 952 1586 ab
973 1511 1172 1588 Atriatibus
1181 1536 1245 1604 (aa)

46 1609 189 1710 Tuscis3
220 1611 319 1684 illinc
346 1615 438 1686 enim
460 1610 661 1717 exemplum.
681 1625 871 1714 sumptum.

146 1763 242 1838 162.
285 1763 429 1840 Circum
452 1793 578 1842 cavum
602 1768 739 1842 aedium
769 1779 869 1847 crant
898 1773 1002 1844 unius
1031 1727 1172 1868 quoius·

47 1893 102 1965 que
138 1870 193 1940 rei
224 1867 381 1944 utilitatis
413 1881 517 1944 carisa
554 1871 745 1970 parietibus
780 1871 931 1969 dissepta
942 1899 959 1956 a,
994 1871 1055 1944 ubi
1088 1872 1230 1980 quida-pa

47 1969 214 2043 conditum
239 1995 314 2044 csse
339 1970 517 2066 volebant,
544 1999 565 2045 a
585 1972 730 2048 celando
751 1973 907 2046 cellam
931 1973 1170 2071 appellarun't3

47 2074 289 2168 penariam,
318 2072 380 2146 ubi
405 2100 539 2173 penus:
568 2073 631 2147 ubi
658 2073 853 2168 cubabant,
883 2074 1190 2148 cubiculumz·

47 2172 99 2244 ubi
131 2173 347 2269 coenabant,
390 2175 700 2249 coenaculum
738 2175 959 2269 vocitabant,
1000 2189 1040 2250 ut
1071 2182 1174 2251 etiam

48 2299 131 2347 nunc
155 2275 296 2348 Lanuvi
321 2276 414 2374 apud
435 2275 554 2350 aedem
580 2278 725 2351 lunonis
738 2279 780 2350 ¹et
804 2278 841 2349 in
865 2289 979 2351 cetero
1004 2280 1108 2352 Latio
1133 2289 1175 2352 ac

48 2373 172 2450 Faleris
193 2388 229 2456 et
249 2376 436 2450 Cordubae
459 2378 635 2450 dicuntur.
679 2379 918 2477 Posteaquam
938 2381 975 2450 iu
998 2382 1176 2478 superiore

49 2491 135 2574 parte
167 2482 342 2553 coenitare
375 2490 590 2579 coeperunt,
630 2482 819 2578 superioris
857 2479 981 2553 domus
1014 2485 1177 2558 universa

50 2581 284 2654 coenacula
317 2581 428 2656 dicta:
473 2593 700 2680 posteaquam
730 2580 791 2654 ubi
822 2581 1036 2677 coenabant,
1075 2584 1176 2683 plura

51 2679 156 2756 iacere
183 2695 393 2783 coeperunt,
427 2695 468 2756 ut
491 2685 528 2756 in
556 2686 677 2757 castris
702 2682 746 2755 ab
767 2683 880 2758 hieme
905 2684 1073 2780 hiberna,
1114 2686 1176 2760 bi·

50 2777 227 2858 bernum
260 2785 383 2860 domus
417 2798 609 2882 vocarunt,
644 2788 830 2860 contraria.
861 2813 881 2858 .'
890 2839 1090 2861 .......
1101 2793 1122 2861 ’.

131 2916 232 2988 Hir
266 2917 407 3011 defecit
438 2919 627 3034 exemplar
652 2899 766 3012 foliis
798 2918 950 2990 duobus.
1188 2947 1238 3018 psa

54 3113 211 3186 dedicamus]
228 3120 329 3189 scripsi.
364 3119 425 3171 inde
442 3119 564 3171 dicernat
582 3119 657 3173 codd.
682 3121 729 3174 nisi
748 3119 818 3188 qnod
835 3119 987 3172 indicamus
1004 3120 1030 3174 b.
1068 3119 1176 3172 dedica-

54 3203 117 3254 mur,
141 3193 239 3244 omisso
264 3191 340 3248 inde,
365 3193 447 3258 voluit
470 3193 523 3245 Iac.
542 3193 689 3245 Gronovius
707 3191 740 3244 ad
756 3193 870 3245 Gellium
884 3193 944 3260 vll,
960 3197 1002 3248 11.
1019 3211 1046 3262 p.
1056 3196 1118 3246 498.
1136 3193 1177 3248 ed.

54 3258 137 3329 Goon,
156 3265 202 3330 qni
220 3264 292 3316 locus
311 3271 415 3333 praeter
431 3265 496 3317 alios
514 3279 599 3316 veram
616 3266 754 3350 lectionem
773 3270 907 3317 monstrat

157 3367 232 3434 161.
263 3381 382 3448 testudo]
402 3381 508 3442 Servius
525 3379 662 3434 Fuidensis
680 3378 713 3432 ad
730 3380 794 3432 Aen.
812 3381 925 3446 1‚505,
950 3380 995 3432 ubi
1013 3378 1079 3432 bunc
1092 3380 1177 3434 locum

56 3453 142 3520 angit,
170 3457 209 3508 sic
235 3453 407 3506 emendandus
431 3454 494 3506 erit:
524 3455 594 3502 Item
615 3453 702 3504 Varro
721 3450 752 3502 cle
771 3449 881 3526 Lingua
897 3453 1002 3502 Latina
1020 3451 1058 3501 ad
1075 3452 1179 3503 Cicero-

55 3537 118 3574 nem:
145 3529 181 3578 In
206 3523 316 3576 aedibus
339 3525 414 3576 locus
435 3522 550 3592 patulas
574 3519 777 3593 relinquebatur
801 3520 851 3573 aab
870 3521 946 3578 divo,
973 3521 1020 3592 qui
1036 3521 1130 3588 (addet
1154 3522 1178 3574 ci

55 3593 152 3664 nullus)
171 3605 234 3652 erat
252 3595 406 3646 reiteraret
425 3596 488 3662 (scr.
507 3595 569 3665 secl)
588 3603 725 3646 contectus
747 3603 823 3652 erat,
846 3591 1038 3660 appellabatur
1062 3593 1177 3644 testudo.

58 3661 208 3733 incastris]
226 3683 268 3734 vg.
304 3676 333 3716 et
351 3678 433 3720 costr.
450 3667 526 3722 codd.
639 3663 834 3730 sursum1codd.
853 3664 969 3732 exceptis
983 3664 1034 3716 Gb.
1053 3665 1097 3732 qui
1114 3683 1177 3715 aar*

56 3750 121 3802 cum,
145 3745 175 3792 ut
193 3756 236 3806 vg.
273 3757 366 3790 sucum
383 3755 417 3791 ex
435 3741 536 3792 Catone
554 3743 580 3790 et
598 3737 686 3788 Gellio
709 3737 760 3788 iam
785 3736 903 3787 innotuit.
1051 3734 1175 3803 Atrium]

56 3803 110 3860 Dixi
134 3809 167 3864 de
192 3810 217 3862 b.
238 3812 255 3864 l.
273 3811 373 3864 Rerum
397 3811 565 3863 Etruscarum
582 3809 611 3874 l,
628 3811 662 3874 ³,
680 3810 706 3860 4.
738 3805 771 3860 Τ.
789 3807 810 3858 l.
834 3825 860 3876 p.
878 3811 941 3861 255.

97 3943 100 3950 ·
161 3915 232 3982 162.
260 3927 351 3992 erant]
370 3941 413 3992 vg.
449 3935 510 3978 erat
528 3924 605 3978 codd.
723 3919 770 3974 ubi
787 3921 876 3994 quid.
893 3959 923 3990 .,
941 3905 1079 3990 valeriana]
1096 3923 1178 3991 Haec,

59 4010 116 4061 quae
132 4007 208 4054 antea
226 4008 284 4056 cum
302 3999 430 4070 prioribus
447 3997 633 4064 iungebantur,
658 4009 717 4047 cum
735 3995 902 4064 sequentibus
918 3995 1004 4062 iunxi,
1023 4001 1050 4048 et
1074 3997 1179 4049 univer-

58 4083 108 4122 cum
125 4073 211 4127 iocum
227 4071 433 4141 interpungendo
451 4071 527 4122 aliter
544 4067 656 4122 distinxi.
820 4067 938 4132 Lanuvi]
948 4069 978 4120 F.
1015 4065 1109 4118 lanubi
1126 4069 1178 4120 Ha.

59 4137 106 4190 ium
122 4141 159 4192 ibi
176 4147 211 4199 G.
254 4143 352 4196 lavinia
370 4143 396 4196 b.
441 4141 481 4192 De
503 4141 601 4194 lunone
618 4138 752 4194 Lanuvina
769 4138 923 4206 interpretes
941 4139 1074 4198 Ciceronis
1091 4139 1124 4192 de
1143 4140 1176 4192 N.

58 4208 190 4278 1).1‚2o.
346 4211 463 4279 Faleris]
473 4213 507 4264 G.
542 4208 667 4264 Phalaris
685 4209 717 4263 F.
762 4207 877 4260 Faleriis
896 4215 957 4263 cett.
983 4211 1016 4264 cs.
1036 4218 1123 4264 annot.
1144 4211 1177 4261 ad

58 4281 128 4342 bid.
241 4285 296 4338 Hie
311 4278 354 4340 .’..
369 4283 482 4349 duobus]
500 4283 537 4336 sic
555 4277 602 4336 Fa}
638 4280 682 4332 tic
698 4279 826 4350 deridunt
844 4279 897 4333 duo
910 4281 985 4353 salia
1003 4283 1086 4337 codex
1104 4281 1178 4337 vurt-
