2890 4820
243 230 306 288 vtll
671 234 947 284 enarrarre

240 422 322 554 puna
351 397 415 466 iam
444 404 606 466 ostensum
635 404 705 470 ert,
745 404 858 464 contra
892 391 1055 484 utiquam
1086 415 1180 464 nsum
1212 399 1376 472 observari

53 513 57 528 ·
161 506 164 512 ·
270 485 384 568 1,22,
412 503 477 548 nou
501 479 664 548 observari
688 477 822 560 vl,1e.

353 623 475 703 Varro,
505 640 578 687 cum
604 615 701 684 libros
723 638 800 686 suos
850 615 943 686 assim
964 613 1022 683 sed
1043 615 1148 684 obiter
1169 626 1203 686 ct
1224 617 1376 688 seatium-

240 707 302 778 tius
333 716 541 787 retractaret,
577 703 723 771 nonnulla
746 641 885 783 addidit,
918 724 1003 805 quae
1031 725 1103 769 cum
1133 702 1220 792 prius
1248 706 1375 810 scriptis

240 805 311 862 arte
332 794 531 860 committere
550 800 582 856 et
600 790 820 857 commissuras
842 798 935 856 tereti
958 786 1058 874 digito
1080 788 1240 876 laevigare
1260 793 1374 859 omisit.

241 873 298 946 Sic
318 877 398 960 VH,
420 880 473 946 60.
501 900 520 944 a
541 876 684 942 Varrone
712 875 847 962 primum
873 873 1025 958 scriptum
1054 883 1141 941 erat:
1169 873 1213 938 In
1237 877 1376 944 Merea-

241 975 334 1028 tores
363 985 430 1028 non
458 959 524 1026 tibi
550 959 640 1024 istuc
662 960 779 1046 magis
800 957 955 1032 dividiae
976 964 1020 1022 'at
1041 981 1146 1045 quam
1165 959 1255 1024 milri
1274 960 1376 1026 lsodie

233 1045 334 1134 fuit3
360 1045 496 1112 dividia
517 1042 559 1110 ab
581 1043 765 1110 dividendo
784 1043 899 1121 dictu,
949 1041 1021 1104 'uod
1040 1041 1168 1108 divisio
1188 1043 1376 1110 distractio

241 1143 294 1196 est
318 1129 467 1207 doloris3
499 1129 616 1218 itaque
645 1127 758 1192 idem
787 1127 839 1214 (id
861 1138 910 1195 est
928 1066 1080 1212 iterus)
1107 1127 1145 1191 in
1169 1127 1376 1194 Curculione

241 1216 305 1283 ait.
365 1215 486 1282 Postea
520 1223 593 1301 post
627 1234 751 1278 versum
788 1236 828 1278 ex
853 1213 1036 1280 Mercatore
1069 1209 1256 1300 adscripsit:
1295 1213 1375 1278 Hoc

241 1297 365 1364 itidem
393 1309 428 1364 et
456 1299 493 1364 in
521 1297 714 1364 Corollaria
741 1295 919 1378 Naevius,
950 1319 1014 1384 quo
1042 1307 1109 1363 tum
1134 1318 1234 1370 nexus
1261 1319 1374 1364 versus

241 1392 275 1450 et
295 1383 510 1474 explicationis
530 1379 782 1466 interrumpitur,
806 1392 874 1448 tum
892 1403 1066 1470 pronomen
1085 1380 1169 1448 idem
1189 1383 1374 1452 aPlautino
1441 1437 1442 1440 ,

239 1488 332 1535 versu
365 1468 537 1546 divellitur,
581 1478 731 1553 tanquam
770 1463 812 1532 ad
842 1465 997 1533 Naevium
1034 1466 1237 1538 referendum
1268 1482 1373 1536 esset:

263 1575 334 1620 uam
363 1554 542 1618 iuncturam
570 1552 685 1617 misere
712 1549 802 1616 hiare
831 1552 901 1640 quis
927 1551 1059 1626 ¹diffiteri
1086 1552 1211 1642 possiti
1275 1555 1374 1623 Eius·

240 1575 402 1707 dammodi
423 1636 671 1726 exemplnm'est
695 1633 774 1718 VII,
794 1637 848 1703 st.

350 1773 454 1840 Varro
474 1771 544 1838 libri
565 1771 614 1838 sui
636 1771 772 1858 margini
788 1771 887 1840 multa
908 1771 1138 1864 adscripscrat,
1166 1783 1279 1864 postea
1299 1775 1375 1865 ipse

240 1879 280 1926 ea
307 1879 371 1926 nou
392 1859 461 1926 sine
481 1858 656 1925 mutatione
680 1859 848 1926 verborum
872 1879 945 1925 cum
967 1861 1127 1927 sententiis
1151 1874 1226 1930 ante
1246 1863 1308 1931 scri
1332 1863 1375 1930 tis

238 1944 420 2024 vincturus,
450 1966 532 2031 quae
559 1942 675 2010 deinde
696 1943 830 2033 imperiti
852 1940 986 2024 librarii,
1014 1945 1069 2032 qui
1090 1967 1131 2010 ne
1152 1947 1249 2014 multa
1269 1886 1375 2014 indili-
1442 2007 1443 2022 ἶ

239 2029 367 2198 illm
390 2028 645 2180 tltltul‘
667 2028 834 2181 halt
847 2026 1375 2187 sinisteritatis
1442 2069 1443 2072 ‘

240 2197 297 2263 Sic
317 2137 488 2270 lociuuqde
508 2135 734 2286 amphibiioV,
751 2163 820 2278 ifli,
847 2200 901 2285 qui
921 2198 953 2268 in
973 2200 1117 2268 omnibus
1137 2201 1222 2268 libris
1243 2202 1375 2290 legitur,

239 2303 345 2370 nego,
374 2283 436 2352 ullo
458 2283 556 2352 modo
578 2307 605 2352 a·
619 2285 763 2354 Varrone
784 2283 879 2354 scribi
900 2284 1058 2374 potuisse,
1087 2286 1147 2354 nisi
1167 2289 1250 2356 forte
1271 2291 1333 2357 sic:

240 2414 333 2486 Sunt
362 2421 471 2486 etiam
499 2421 673 2487 animalia
704 2421 741 2486 iu
771 2443 864 2510 nque
892 2446 980 2510 quae
1007 2422 1044 2486 in

239 2513 371 2570 terrum
404 2507 581 2571 interdum
612 2516 757 2584 exeant,
797 2505 873 2570 aliu
902 2507 1046 2573 Graecis

237 2587 424 2668 vocubulis,
445 2601 486 2652 ut
499 2590 658 2676 polypus,
674 2587 956 2675 hippopotamius,
973 2613 1046 2657 oro·
1088 2583 1175 2646 quae
1185 2585 1222 2626 m
1234 2585 1325 2652 ‘'qu‘'
1336 2576 1374 2629 εὖ

237 2669 385 2746 codiloa,
420 2671 495 2735 nlic
525 2673 688 2746 Latinis,
724 2681 765 2734 ut
797 2693 906 2750 runo,
946 2697 1047 2752 unae,
1089 2655 1186 2740 ΨΜ
1222 2659 1372 2734 P⁰⁸⁸W¹3

212 2767 403 2840 'energuas
437 2777 455 2820 e
503 2755 559 2820 uis
581 2777 672 2820 runo
695 2777 719 2819 a
742 2777 808 2820 suu
833 2755 931 2821 dictu
957 2781 1048 2840 voce,
1089 2751 1202 2837 ‘imse
1245 2743 1372 2798 ⁹⁰⁶“nt

236 2858 326 2902 onas
351 2859 374 2903 u
395 2861 466 2903 nnn
492 2862 511 2902 o
533 2847 594 2908 etc
738 2907 740 2912 ,
1090 2819 1253 2902 thallim·

1087 2498 1109 2540 a
1120 2499 1185 2565 quo
1193 2477 1320 2575 Graeci
1329 2501 1376 2546 ecc

236 2967 334 3039 Nunc
361 2965 435 3040 cum
465 2970 582 3040 librarii
616 2991 656 3036 ea
682 2970 798 3050 rerba,
828 2992 911 3058 quae
941 2969 1054 3040 dextra
1084 2981 1175 3059 parte
1203 2969 1370 3064 ads'cripsi,

237 3067 313 3124 ante
345 3081 390 3124 vv.
421 3081 439 3122 e
469 3059 546 3145 quis
577 3055 836 3137 interseruerint,
879 3056 980 3123 omnis
1013 3057 1238 3124 sententiarum
1269 3083 1372 3128 nexus

237 3139 329 3226 quasi
355 3140 565 3229 dirumpitur;
593 3140 651 3208 sed
673 3140 840 3207 excusabis
861 3151 968 3207 tamen
985 3140 1069 3222 illos,
1093 3143 1120 3209 si
1141 3145 1372 3226 observaveris,

237 3225 332 3296 ctiam
353 3237 427 3314 post
448 3225 624 3290 interdum
646 3236 771 3290 exeunt
792 3225 894 3315 posita
913 3227 964 3293 iila
983 3229 1078 3294 verba
1099 3231 1249 3298 orationis
1266 3234 1371 3298 tenori

236 3309 379 3378 officere.
428 3309 470 3377 At
490 3311 625 3376 sortasse
646 3311 727 3378 haec
751 3315 863 3393 verba,
890 3311 995 3394 dices,
1023 3315 1183 3401 glossema
1207 3316 1370 3384 redolere:

236 3417 417 3488 quanquam
440 3417 491 3462 me
518 3393 625 3462 iudice
645 3396 777 3462 alienam
806 3399 944 3486 speciem
971 3399 1089 3468 hubent
1116 3424 1136 3467 a
1159 3401 1370 3488 glossematis,

260 3505 319 3550 uae
342 3483 374 3550 in
402 3481 488 3554 libris
514 3479 640 3567 scriptis
661 3479 798 3548 melioris
826 3496 921 3552 notae
947 3498 1182 3572 agnoscuntur,
1211 3489 1368 3556 omnibus.

235 3505 375 3635 literum
402 3568 502 3656 igitur
528 3588 645 3654 ponam
672 3565 777 3632 locum
807 3568 876 3653 (X,
899 3566 967 3653 5.),
995 3593 1091 3658 quem
1121 3592 1193 3638 cum
1214 3574 1245 3638 in
1267 3595 1369 3641 anno-

235 3650 334 3719 tando
367 3651 646 3722 demonstraverim
683 3650 730 3717 sic
762 3662 797 3717 ut
830 3654 862 3718 in
899 3651 984 3720 libris
1019 3656 1153 3724 habetur
1184 3669 1271 3725 sture
1303 3681 1368 3726 non

234 3759 351 3825 posse,
390 3737 444 3804 hic
476 3739 560 3806 nulla
591 3759 681 3805 mora
713 3736 897 3826 interposita
929 3738 1061 3808 formam
1096 3743 1163 3810 eius
1193 3744 1369 3826 subiiciam,

236 3843 300 3910 qua
329 3822 360 3888 in
393 3823 506 3891 codice
535 3823 633 3914 ipsius
663 3822 813 3892 Varronis
845 3846 940 3892 manu
975 3827 1093 3920 scripto
1123 3849 1195 3894 eum
1226 3833 1368 3901 extitisse

120 3981 122 3988 ,
239 3906 393 3976 arbitror:

237 4044 329 4108 Sunt
349 4042 411 4131 qui
431 4041 499 4110 tris
515 4053 665 4110 noturus
686 4066 803 4113 rerum
816 4063 950 4140 putant
968 4077 1041 4122 esee
1090 4127 1093 4134 Δ

235 4127 368 4203 simile,
399 4127 588 4206 dissimile,
620 4139 798 4212 neutrum,
833 4140 923 4224 quod
946 4141 1040 4208 nlius
1083 4153 1086 4160 '
1373 4187 1377 4197 ·

234 4222 352 4306 vocent
380 4235 448 4276 non
465 4211 606 4286 simile,
636 4213 730 4279 aliua
756 4241 822 4282 nou
849 4222 1019 4290 dissimile
1028 4254 1043 4298 .·,
1082 4225 1151 4292 sut
1184 4221 1185 4226 ¹
1212 4233 1369 4316 quumvis

235 4295 349 4360 sumile
369 4307 498 4362 caecet
518 4295 705 4376 dissimile,
733 4300 766 4365 ei
785 4303 948 4372 videntur
968 4331 1039 4376 esse
1081 4311 1152 4376 triu
1164 4310 1368 4398 sintsimile,
