2866 4812
1051 133 1063 162 ἱ

445 222 481 324 S·
516 238 566 320 eo
590 267 639 280 -
667 237 729 307 m·
988 245 992 254 “
1082 227 1158 303 tn
1228 331 1230 338 ,

40 439 280 589 jsuplremurn
305 437 556 512 a·superrnmo
577 412 706 486 dietum
718 441 730 508 3
763 415 879 512 itaque
899 415 936 485 in
956 414 1035 488 XII
1058 375 1159 490 tabu·

53 521 77 589 is
120 519 233 588 ieunt:
742 555 745 564 ·

142 633 239 702 Solis
270 655 403 702 occasu
437 631 512 700 diei
537 653 713 725 suprema
739 644 938 726 tempestas
964 647 1050 705 esto.
1163 615 1224 732 ¹e-ag

41 749 129 821 Libri
151 747 340 851 Augurum
366 777 431 848 pro
458 760 662 848 tempestate
688 761 1007 848 tempestatem
1039 752 1162 825 dicunt

42 867 232 948 supremum
254 857 391 954 autgarii
415 865 563 951 tempus.

131 991 199 1065 52.
248 995 293 1065 In
319 971 580 1067 Cornicularia:

143 1109 218 1198 Qui
241 1109 322 1198 regi
353 1107 602 1176 latrocinatus
627 1105 752 1172 decem
778 1126 898 1172 canos
924 1095 1139 1198 Demetrias

41 1213 229 1289 latrones
250 1217 333 1287 dicti
359 1212 403 1284 ah
429 1213 553 1304 latere,
583 1214 644 1310 qui
670 1214 803 1284 circum
828 1210 938 1283 latera
961 1225 1061 1286 erant
1087 1218 1161 1315 regi

40 1328 131 1414 atque
153 1318 199 1390 ad
224 1319 332 1389 latera
357 1313 532 1387 habebant
550 1307 708 1406 terrum,
743 1339 831 1412 quos
859 1327 977 1412 postea
1002 1342 1022 1386 a
1050 1319 1156 1415 stipa·

42 1421 122 1492 tiene
146 1417 390 1519 stipatores
417 1416 636 1515 appellarunt
644 1444 655 1510 5
691 1427 751 1487 aut
771 1418 833 1514 qui
857 1417 1160 1513 conducebantur3

24 1523 73 1590 'ea
93 1525 183 1595 enim
209 1546 342 1594 merces
363 1519 503 1592 Graece
528 1519 655 1591 dieitur
675 1515 831 1620 λάτρον.
882 1515 944 1590 Ab
967 1511 1009 1594 eo
1030 1532 1234 1601 veteresne)

40 1631 147 1718 podiae
186 1647 440 1721 nonnunquam
476 1620 603 1693 milites
637 1623 815 1719 appellant
849 1620 1023 1717 latronse,
1068 1622 1220 1720 quoties-a

41 1726 108 1796 item
135 1736 170 1799 et
195 1725 320 1797 milites
347 1751 427 1796 eum
452 1719 567 1816 ferro,
607 1736 667 1796 aut
692 1721 989 1823 quod'latent'ad
1018 1724 1162 1797 insidias

42 1824 222 1901 faciendas.
624 1833 629 1842 '

130 1945 199 2021 55.
239 1943 351 2047 Apud
370 1948 563 2025 Naevium:

139 2063 227 2132 Risi
252 2076 392 2156 egomet
418 2086 559 2132 mecum
584 2058 858 2130 cassabundum
882 2062 938 2130 ire
963 2059 1125 2153 ebrium,-

41 2179 367 2253 eassahundum
393 2205 414 2251 a
440 2180 610 2253 cadendo.
663 2179 785 2252 Idem:
817 2247 822 2260 ,
1101 2173 1106 2176 ’
1169 2200 1204 2247 on

144 2305 422 2377 Diabuthra
449 2302 488 2407 s'u
509 2303 670 2397 pedibus
701 2303 860 2374 trahebat
885 2304 1043 2373 amictus
1067 2305 1173 2399 epi-'

377 2427 529 2473 crocu

40 2509 224 2612 Utrumque
249 2508 459 2584 vocabulum
486 2506 674 2582 Graecum.

126 2645 199 2722 tt:
240 2652 285 2722 ln
310 2646 572 2725 Menaechmis:

41 2851 93 2902 XII
117 2851 231 2922 rabulis]
262 2855 314 2926 Qui
341 2852 405 2908 haec
433 2855 521 2920 legum
545 2851 625 2904 verba
648 2849 778 2904 laudariut
802 2857 829 2905 et
852 2853 1001 2921 mutarint,
1035 2870 1060 2909 r.
1084 2857 1154 2926 apud

39 2921 188 2980 Dtrtsenium
207 2945 233 2994 p.
243 2931 305 2980 180.
420 2924 527 2990 occasu]
546 2941 669 2974 occasum
684 2923 719 2976 H.
756 2922 798 2974 sol
814 2941 924 2976 occasus
940 2925 1036 2980 habent
1053 2929 1154 2980 Gellius
1171 2939 1174 2946 “

40 2991 119 3062 XVII,
138 3003 163 3051 2.
190 3005 219 3051 et
235 2997 394 3078 'Censorinus
413 2995 445 3048 de
464 2995 550 3080 ⁰·..N·
568 2997 613 3058 24,
630 2997 656 3086 3:
698 2995 775 3079 Apud
793 2995 901 3076 Festum
920 2999 1152 3064 paeantidem.

40 3069 278 3194 tttttitttz
296 3064 1154 3211 ttttttttttthtttttttttttitttoitttt

40 3204 90 3261 Hoc
111 3221 209 3265 certum
234 3219 288 3276 est,
316 3213 376 3264 iilos
399 3212 540 3279 scriptores
564 3209 642 3261 verba
666 3208 808 3260 tabularum
833 3211 983 3264 accuratius
1002 3215 1155 3282 exprimere.

41 3277 66 3329 V.
80 3287 160 3337 temen
179 3285 258 3337 etiam
276 3285 328 3348 VI,
345 3288 372 3335 5.
494 3280 555 3348 dier]
576 3280 618 3340 die¹
633 3279 658 3333 b.
677 3280 746 3345 quod
764 3280 857 3348 probat
875 3283 1031 3350 Spengelius
1049 3304 1073 3353 p.
1081 3287 1153 3339 XVI.

41 3347 90 3404 Hoc
103 3371 125 3407 v.
140 3357 227 3410 nescio
246 3371 278 3408 an
289 3357 373 3408 Varro
391 3353 447 3422 ipse
465 3349 608 3415 addiderit}
626 3351 717 3417 reliqui
736 3358 806 3404 certe
824 3354 964 3422 scriptores
980 3355 1007 3408 id
1024 3357 1151 3423 ignorant.

42 3421 131 3494 dicam]
149 3427 179 3477 id
196 3437 237 3478 est
255 3426 327 3478 addit
343 3427 375 3479 F.
392 3431 429 3479 ‘ut
447 3425 563 3490 videtur3
590 3438 640 3476 om.
660 3429 722 3476 cett.
741 3424 815 3486 codd.

134 3523 192 3602 ,52
220 3532 416 3599 Cornicularia]
432 3533 597 3596 Vertranius,
615 3530 763 3600 Scioppius.
800 3529 935 3583 cornicata
952 3531 1027 3584 codd.
1068 3535 1156 3588 Plauti

42 3601 102 3658 Con.
121 3609 159 3662 ed.
177 3605 263 3662 Bothe
288 3605 321 3659 T.
334 3605 380 3657 ΙΙΙ.
399 3623 424 3674 p.
441 3609 519 3670 558„
541 3605 586 3664 uti
609 3604 744 3655 verborum
768 3604 833 3656 ordo
857 3609 954 3656 temere
978 3611 1090 3659 mutatus
1109 3616 1156 3662 est.

41 3671 96 3728 Post
120 3681 204 3731 decem
228 3679 312 3731 hiatus
331 3676 457 3730 admissus
474 3683 521 3730 est.
568 3676 691 3729 Varronis
709 3677 861 3726 sententiam
879 3675 912 3726 de
931 3675 1030 3740 origiue
1046 3695 1070 3730 v.
1089 3681 1156 3731 latro

42 3744 119 3800 laudat
142 3753 215 3804 Serv.
235 3751 268 3802 ad
285 3751 350 3802 Aen.
367 3748 434 3812 XII,
453 3753 480 3800 t.
592 3747 675 3810 ,aurJ
694 3745 839 3813 Scioppius.
878 3739 955 3800 Quod
974 3749 1058 3814 aptius
1074 3751 1156 3804 visum

43 3814 141 3874 lectione
160 3824 235 3877 codd.
261 3829 297 3873 et.
361 3819 466 3870 Milites
492 3815 517 3872 h.
535 3818 554 3870 1.
572 3815 766 3884 distinguuntur
784 3834 800 3869 a
818 3818 961 3870 latronibus
977 3819 1042 3885 iltis,
1068 3820 1096 3872 id
1115 3834 1155 3874 est

42 3892 190 3946 conductitiis
208 3887 382 3962 stipatoribus.

138 3984 191 4050 53.
214 3998 357 4064 Naevium]
377 3997 418 4050 ab.
443 4001 472 4048 ut
489 3995 540 4049 vid.
584 3997 698 4050 Navium
715 3997 746 4050 F.
790 3996 908 4049 Ennium
926 3997 987 4051 GH.
1023 3997 1157 4054 Tribuitur

43 4060 78 4117 hie
92 4083 178 4124 versus
196 4087 254 4125 cum
272 4070 388 4136 sequenti
407 4069 546 4134 Lycurgo,
563 4067 654 4121 Naevii
674 4069 834 4136 tragoediae.
869 4067 954 4121 Bothe
972 4069 1002 4122 P.
1018 4071 1061 4122 Sc.
1074 4070 1107 4126 L.
1122 4075 1156 4138 V,

42 4137 63 4184 l·
97 4146 154 4195 .86.
265 4141 388 4209 pedibus]
407 4157 450 4206 vg.
491 4138 637 4208 pecudibus
655 4140 732 4198 cedd.
852 4139 978 4208 amictus]
1003 4143 1070 4196 Ante
1087 4141 1112 4197 h.
1129 4160 1154 4196 v.

41 4157 127 4264 addim
143 4223 202 4268 erat
216 4214 293 4267 elta.
329 4223 356 4264 et
373 4209 479 4264 crath.

141 4305 191 4371 54.
218 4309 407 4387 Menaechmis]
431 4319 576 4383 plantat
603 4290 635 4384 Ι2,
652 4323 695 4372 46.
732 4315 831 4370 Plauti
847 4318 916 4386 quod
934 4325 993 4389 post
1010 4319 1035 4373 h.
1054 4336 1077 4372 v.
1097 4317 1157 4371 addi
