2864 4814
463 240 500 340 §-
533 255 577 324 15
605 286 655 296 -
684 257 744 330 17.

42 431 82 502 Ut
105 428 191 501 idem
215 427 358 502 scribit:

32 565 34 572 ’
129 627 131 635 y
194 565 197 574 ’
253 545 406 612 Latona
426 543 552 634 pariit
578 556 683 613 ousta
714 545 904 638 cataplexu
938 545 1037 615 Iovis

250 644 330 714 Del
335 645 341 659 ’
369 643 474 712 Deos
502 647 690 738 geminos,
971 644 978 658 ‘

39 751 135 825 idest
159 750 363 851 Apollinem
388 762 424 823 et
447 751 611 824 Diaaam'.

30 981 36 992 Ι
70 973 89 1046 d
215 915 220 926 ·
254 877 322 946 Dii
348 879 448 972 qrwd
478 879 623 948 Titanis
649 877 838 946 Deliudne

38 999 68 1043 ea
90 1001 142 1046 em
169 1029 355 1048 ......

128 1113 194 1187 17.
250 1121 297 1189 0⁴
316 1130 443 1188 sarecto
476 1117 635 1214 Apella,
676 1119 740 1210 qni
777 1115 988 1188 umbilicum
1023 1135 1224 1208 eertum-³2³

354 1233 553 1290 terrarum
583 1219 749 1289 obtines!

37 1315 301 1391 Umbilicnm
332 1318 465 1392 dictum
496 1321 593 1390 aiunt
625 1317 670 1390 ab
696 1316 863 1391 umbilico
887 1329 1028 1414 nostro,
1066 1321 1163 1418 quod

36 1421 58 1488 is
86 1420 219 1492 medius
249 1422 348 1494 locus
382 1422 429 1493 sit
459 1431 651 1512 terrarum,
690 1432 731 1491 ut
760 1419 946 1493 umbilicus
976 1425 1013 1494 ia
1038 1423 1160 1516 nobis3

35 1520 113 1616 quod
139 1533 327 1621 utrumque
352 1534 404 1595 est
428 1521 569 1594 falsum.
622 1523 748 1619 Neque
772 1520 831 1593 hie
856 1521 956 1594 lacus
976 1535 1029 1596 est
1053 1536 1162 1596 terra·

35 1648 96 1692 rum
118 1622 270 1716 medius,
297 1635 410 1722 neque
429 1634 548 1698 noster
568 1622 753 1695 umbilicus
774 1636 826 1695 est
847 1622 998 1698 bominis
1018 1626 1236 1708 medius.(69)

35 1721 142 1822 ltaque
185 1727 340 1824 pingitur
379 1751 467 1824 quae
502 1737 647 1798 vocatur
680 1721 703 1816 ἦ
736 1723 883 1820 χθών*
921 1723 1163 1830 Πυθαγόρα,

35 1836 63 1895 ut
83 1824 197 1897 media
224 1827 309 1898 caeli
335 1852 377 1899 ac
403 1841 515 1899 terrae
541 1828 631 1898 linea
664 1827 811 1899 ducatur
841 1827 932 1900 infra
958 1827 1161 1902 umbilicum

33 1951 82 2021 per
103 1926 141 1999 id
166 1955 237 2025 quo
264 1929 490 2020 discernitur,
527 1928 632 2002 homo
658 1954 733 2000 mas
759 1955 804 2000 an
829 1929 980 2002 foemina
1005 1934 1070 2025 sit,
1098 1932 1159 2004 ubi
1247 1950 1250 1966 ·

34 2039 114 2100 ortus
159 2028 364 2124 humanus,
410 2032 532 2104 similis
573 2043 613 2103 ut
650 2031 687 2102 in
728 2029 890 2125 mundo,
945 2031 1006 2103 ubi
1054 2036 1156 2106 etiam
1202 2083 1213 2104 .

33 2132 132 2202 omnia
160 2143 354 2203 nascuntur
383 2134 419 2204 ia
451 2133 585 2224 medio,
616 2131 722 2230 'quod
747 2143 839 2205 terra
874 2133 1008 2232 mundi
1027 2134 1153 2207 media.
1167 2153 1216 2233 ΞΟ]
1278 2149 1282 2160 “

32 2229 203 2306 Praeterea
219 2236 248 2306 si
269 2232 364 2331 quod
386 2233 568 2327 medium,
595 2246 635 2305 ut
651 2235 755 2332 pilae,
781 2245 912 2310 terrae
941 2263 1012 2310 non
1027 2237 1160 2335 Delphi

29 2435 114 2500 pariit]
138 2445 167 2490 at
192 2438 312 2502 Scaliger
335 2439 418 2503 copi,
444 2439 485 2491 ab.
517 2439 539 2490 si
560 2444 635 2512 recte
660 2440 770 2491 relatum
795 2445 842 2490 est.
892 2438 970 2506 parit
995 2445 1057 2490 cett.
1083 2439 1158 2492 codd.

31 2505 92 2570 Deli]
110 2526 151 2575 vg.
190 2503 271 2559 Deli'a
290 2509 365 2561 codd.
514 2509 612 2575 idest]
633 2525 683 2562 om.
702 2510 727 2578 b.
756 2516 914 2579 quapropter
939 2511 1075 2561 insiticium
1102 2527 1159 2563 esse

31 2583 92 2640 putat
114 2581 239 2649 Spengel.
259 2598 284 2646 p.
298 2580 371 2634 XIV.
528 2581 588 2648 Dii]
608 2581 659 2632 dita
677 2582 702 2633 b.
739 2583 862 2634 Fortasse
881 2598 912 2633 aa
931 2581 1092 2634 scribendum
1110 2584 1159 2634 sitr

29 2648 92 2697 idem
110 2651 197 2721 qnod:
229 2651 330 2702 Titanis
355 2650 494 2715 Deliadae‚
519 2652 610 2702 eodem
630 2653 753 2718 [numina
770 2652 929 2722 significat}
974 2653 1028 2706 sed
1052 2661 1159 2722 propter

30 2715 147 2787 lacunam,
167 2739 219 2789 qna
233 2725 366 2788 sequentia
382 2725 525 2790 intercepta
539 2731 613 2789 sunt,
633 2727 718 2776 omnia
735 2725 840 2777 incerta.
954 2725 1056 2790 eadem]
1067 2727 1157 2777 FGab.

31 2790 104 2840 rodem
127 2795 163 2845 H.
213 2795 344 2848 Lacunam
369 2795 394 2845 in
420 2795 495 2848 codd.
528 2811 578 2847 non
610 2797 778 2862 significatam
808 2795 895 2847 notavi
919 2793 968 2848 boe
994 2797 1067 2864 loco,
1098 2814 1156 2850 carn

31 2860 174 2930 Spengelius
193 2867 267 2932 signa
285 2869 390 2918 lacunae
408 2867 537 2936 posuisset
561 2873 620 2935 post
639 2867 772 2918 Delindae
790 2874 818 2919 et
836 2873 896 2919 ante
913 2867 1010 2920 eodem.

132 2974 182 3037 17.
208 2987 231 3034 0
248 2993 341 3033 sancte
354 2981 465 3050 Apollo]
484 2983 555 3034 Idem
567 2979 664 3035 'versus
683 2999 741 3035 cum
759 2985 842 3036 altero
859 2983 979 3036 adiuncta
997 2991 1070 3036 extat
1087 2987 1156 3052 apud

32 3051 136 3111 Ciceron.
155 3060 189 3110 de
209 3057 286 3108 divin.
305 3055 338 3118 ll,
356 3059 400 3107 56.
422 3059 483 3108 115.
519 3055 591 3106 later
607 3055 706 3106 incerta
723 3071 757 3106 ex
775 3055 829 3106 Cic.
848 3057 935 3121 posuit
957 3054 1043 3106 Bothe
1059 3057 1091 3107 P.
1110 3057 1171 3108 Sc.-

30 3121 56 3174 L.
72 3129 101 3192 V,
118 3129 138 3182 I.
158 3149 184 3198 p.
195 3131 257 3178 279.
294 3129 316 3174 0
335 3125 435 3190 delere,
462 3133 493 3178 ut
510 3125 657 3195 trochaicus
675 3141 708 3176 ex
727 3125 838 3178 iambico
856 3127 902 3176 fiat
919 3141 1024 3190 versus,
1049 3133 1156 3194 propter

31 3210 167 3253 consensum
185 3199 259 3252 codd.
278 3198 411 3262 utriusque
429 3199 564 3265 scriptoris
582 3213 632 3248 non
654 3198 723 3248 licet.
836 3194 948 3262 obtines]
962 3196 1063 3248 absides
1078 3201 1156 3251 Cice-

31 3269 89 3320 ronis
104 3273 186 3336 libri,
214 3271 264 3321 nisi
281 3269 350 3335 quad
370 3269 455 3321 Ursini
478 3269 562 3330 codex
587 3267 689 3319 obtines
708 3264 803 3318 habere
822 3266 923 3319 dicitur.
965 3269 1035 3320 illud
1053 3267 1155 3322 obsides

31 3339 108 3393 uirum
132 3349 256 3410 quantum
284 3342 386 3408 placet3
415 3342 562 3407 Apollinem
588 3341 655 3392 eninr
680 3340 706 3388 ἐν
732 3333 839 3406 ὀμφαλῷ
864 3339 1020 3407 καθῆσθαι,
1049 3341 1155 3406 quidam

32 3412 170 3478 scriptoram
191 3415 241 3466 loci
260 3420 286 3464 et
304 3420 427 3464 sexcenta
451 3417 593 3464 monstrant
618 3411 680 3461 artis
698 3411 818 3474 antiquae
836 3427 922 3476 opera.
1074 3411 1155 3479 qnae]

32 3484 86 3534 coni.
103 3488 202 3554 scripsi·
238 3483 286 3553 qni
303 3484 378 3536 codd.
494 3477 634 3551 ἡχθώνθ]
653 3481 805 3546 Turnebus,
824 3481 950 3546 Scaliger.
986 3481 1109 3532 ΙΧΤΟΝ
1123 3483 1154 3534 F.

31 3550 108 3606 lacuna
125 3558 156 3629 iu
170 3561 220 3610 Ga.
248 3572 298 3606 ora.
318 3556 370 3608 Hb.
413 3554 481 3609 Illud
501 3555 603 3621 probari
628 3569 679 3604 non
697 3569 773 3621 posse
792 3553 871 3617 dixit,
897 3555 940 3618 qui
960 3551 1102 3604 doctrinam
1121 3554 1155 3606 de
1236 3614 1240 3618 .

31 3619 189 3682 llirrocosmo
208 3643 290 3694 nuper
308 3626 442 3693 exposuit,
467 3626 615 3678 Lobeclrius
633 3624 760 3692 Aglaoph.
780 3643 805 3691 p.
817 3627 894 3687 924„
922 3623 967 3674 scd
985 3639 1032 3676 our
1050 3617 1158 3691 probari¹

30 3706 140 3764 nequeat,
164 3718 216 3753 non
234 3700 301 3751 dixit
320 3699 351 3750 V·
371 3699 403 3750 D.
525 3691 688 3764 Πυθαγόρα]
705 3695 869 3766 Pythagora
886 3695 970 3746 FGH.
1007 3694 1155 3765 pithagoru

30 3777 48 3814 a.
69 3769 225 3842 pithagoras
237 3772 263 3824 b,
378 3769 440 3839 quo]
456 3785 498 3835 vg.
526 3768 598 3840 qnod
613 3768 689 3820 codd.
803 3763 849 3816 ubi
866 3765 958 3832 etiam]
973 3766 1040 3820 coni.
1053 3767 1153 3835 scripsi.

29 3833 66 3884 ubi
82 3841 147 3890 enim
164 3844 239 3896 codd.
276 3839 313 3890 ibi
326 3839 394 3889 euim
405 3843 564 3905 Augustinus
577 3841 602 3892 in
617 3855 700 3904 marg.
714 3835 835 3890 exlibro.
913 3837 938 3888 si
955 3836 1036 3908 quod]
1050 3838 1155 3908 siquid

30 3907 72 3962 Gb.
104 3912 321 3982 Illudpraestare
339 3911 481 3964 videbatur.
605 3907 742 3974 medium*]
761 3909 827 3959 Post
844 3905 908 3960 haec
926 3911 1040 3977 expunxi
1058 3910 1152 3962 verba:

28 3974 103 4030 idest
120 3985 276 4050 subbibens,
295 3999 441 4050 quanquam
460 3999 491 4035 ea
507 3983 533 4034 ia
552 3982 670 4034 amnibus
688 3978 842 4032 suntcodd.
887 3981 941 4032 Sed
959 3982 1036 4033 etiam
1055 3981 1087 4045 V,
1106 3986 1151 4034 59.

29 4046 104 4102 idest
121 4058 163 4106 eal
178 4067 234 4122 eat,
254 4063 281 4108 et
299 4057 351 4120 Vl,
370 4059 414 4108 69.
432 4072 485 4104 sna
502 4053 659 4118 voluntate,
680 4052 706 4102 ia
724 4051 841 4102 amnibus
860 4051 935 4102 codd.
953 4059 1021 4105 suat.
1057 4053 1152 4106 Sensni

28 4129 104 4176 autem
122 4125 185 4181 baec
203 4129 281 4181 uerba
300 4134 359 4179 sant
375 4126 547 4178 infestissima.
584 4124 651 4176 Nam
670 4123 768 4187 Varro,
791 4120 906 4189 Delphos
924 4139 974 4175 aon
992 4139 1049 4176 esse
1067 4126 1151 4180 umbi·

28 4187 94 4246 licum
112 4201 251 4266 terraram,
275 4206 304 4250 ut
320 4197 455 4262 ostendat,
481 4197 657 4260 demonstrat,
684 4210 768 4260 aeque
786 4194 934 4246 umbilicum
954 4197 1150 4262 eumedium,

28 4273 100 4329 ¹¹tque
117 4272 226 4324 mediam
246 4287 303 4324 esse
320 4269 436 4337 Delphis.
472 4268 549 4322 Quod
568 4266 680 4332 medium
697 4273 834 4333 postquam
851 4267 956 4334 negavit
973 4283 1031 4318 esse
1048 4268 1151 4318 umbili-

28 4347 85 4398 ‘llssb
102 4355 150 4392 nou
166 4347 251 4410 potest
269 4344 336 4396 idem
355 4343 411 4410 ipse
430 4341 542 4393 medium
561 4337 647 4390 dicere
665 4337 821 4389 umbilicum.
914 4347 967 4408 *ut
982 4337 1068 4406 pilae]
1082 4339 1149 4391 coni.
