2864 4814
256 199 310 274 74
659 227 781 272 tisun
820 225 989 272 suxrus.

255 385 408 462 Aemilia
430 397 464 459 et
485 384 611 458 Fulvia
631 382 857 456 inumbravit.
911 385 993 458 Diei
1014 384 1223 483 principium
1249 374 1387 481 mane,

255 490 350 589 quod
376 501 451 562 tum
475 497 593 560 manet
614 485 688 558 dies
712 484 757 557 ab
783 486 934 580 oriente,
970 489 1039 559 uisi
1064 489 1179 586 potius
1204 491 1300 586 quod
1328 488 1389 562 bn-

254 619 339 664 num
363 591 496 687 antiqui
519 585 680 662 dicebant
704 613 901 682 manum,
937 589 982 660 ad
1007 589 1227 689 quoiusmodi
1250 590 1388 689 religio·

255 720 335 766 uem
356 692 484 766 Graeci
505 716 659 790 qnoque,
679 714 786 787 quom
805 690 923 764 lumen
945 690 1112 784 adfertur,
1140 691 1252 764 solent
1274 693 1389 766 dicere

256 802 335 900 φῶς
360 789 531 890 ἀγαθόν.
713 789 753 864 5.
792 792 1007 890 Suprema
1030 821 1201 866 summum
1227 795 1317 888 diei,
1353 795 1390 868 id

256 899 507 997 asuperrimo.
571 894 654 965 Hoc
682 903 819 992 tempus
844 895 936 967 Xll.
965 893 1102 968 tabulae
1131 897 1252 968 dicunt
1278 925 1389 968 oeca-

257 1029 338 1074 sum
370 1025 447 1072 esse
481 999 587 1090 solis;
631 994 694 1068 sed
728 1007 847 1093 postea
879 996 937 1069 lex
975 997 1150 1072 Plaetoria
1180 997 1217 1068 id
1250 1024 1389 1096 quoqne

256 1113 393 1204 tempus
426 1098 522 1182 iubet
555 1123 631 1170 esse
668 1124 868 1195 supremum
906 1126 976 1199 quo
1014 1126 1140 1198 praeco
1176 1102 1213 1170 in
1251 1103 1389 1174 comitio

255 1228 450 1301 supremam
476 1201 713 1300 pronuntiavit
736 1199 878 1299 populo.
942 1200 1146 1274 Secundum
1169 1201 1237 1274 lroe
1263 1201 1390 1276 dicitnr

194 1302 574 1401 [escrepusculum
600 1327 620 1372 n
648 1327 803 1398 crepero.
861 1302 906 1375 Id
932 1302 1141 1377 vocabulum
1166 1317 1390 1400 sumpserunt
1425 1355 1426 1392 p

253 1434 274 1480 a
308 1404 472 1497 Sabinis.
516 1403 609 1478 unde
628 1405 787 1476 'veniunt
819 1401 1052 1502 Crepusci
1087 1408 1254 1478 nominati
1286 1401 1389 1479 Ami-

253 1521 377 1601 terno,
420 1509 482 1605 qui
513 1532 555 1578 eo
583 1516 737 1604 tempore
769 1517 867 1578 erant
899 1509 996 1599 nati,
1036 1518 1076 1580 ut
1109 1509 1244 1599 Lucii
1279 1511 1390 1604 prima
1425 1531 1426 1540 ¹

253 1610 346 1683 luce.
405 1609 450 1679 In
482 1607 647 1681 Reatino*
675 1608 990 1705 crepusculum
1022 1609 1196 1708 significat
1221 1607 1388 1704 dubium3

253 1710 298 1782 ab
332 1735 456 1783 eures
492 1709 603 1781 dictae
636 1707 761 1781 dubiae
795 1735 976 1806 crepemus,
1020 1711 1115 1808 quod
1147 1711 1390 1810 crepusculum

255 1813 455 1885 dies.etiam
479 1835 573 1883 nunc
599 1811 644 1881 sit
666 1835 711 1879 an
732 1812 801 1881 iam
827 1836 910 1904 nox,
939 1812 1058 1884 multis
1081 1811 1239 1884 dubium.
1348 1813 1387 1886 6.
1426 1875 1427 1902 1

253 1914 369 2004 Nox,
398 1911 505 2010 quod,
534 1923 573 1984 ut
595 1910 741 1986 Catulus
760 1913 820 2006 sit,
849 1915 977 2006 omnia,
1008 1916 1075 1986 nisi
1100 1916 1305 1987 interveniat
1322 1916 1387 2008 sol,
1426 1915 1427 1952 ³

202 2045 249 2093 se
258 2019 382 2116 pruina
405 2013 632 2114 obriguerint,
661 2013 756 2113 quod
782 2025 898 2108 nocet,
924 2041 1016 2110 nox3
1052 2019 1119 2090 nisi
1140 2016 1235 2116 quod
1256 2015 1390 2091 Graece

255 2247 357 2301 Romae
375 2246 538 2316 apparuerit,
563 2245 672 2299 dicendi.
816 2244 928 2298 basilica
945 2247 1065 2300 Aemilia
1082 2259 1109 2300 er
1127 2248 1239 2316 Fulvia]
1257 2266 1308 2303 nou
1327 2251 1391 2303 dnae

254 2327 329 2386 sunt,
357 2321 403 2372 sed
428 2321 532 2384 eadem,
560 2319 630 2385 quod
655 2317 807 2383 intelligitur
834 2323 944 2372 maxime
963 2337 996 2373 ex
1014 2321 1046 2372 iis
1064 2337 1130 2388 qnae
1149 2321 1302 2374 Plutarchus
1323 2325 1390 2374 Cae-

254 2409 305 2445 sar.
323 2396 366 2444 29.
386 2399 480 2444 narrat.
514 2391 656 2444 Exstructa
680 2397 721 2442 est
743 2406 775 2442 eu
799 2390 904 2444 basilios
922 2411 938 2445 a
956 2391 993 2444 M.
1009 2393 1101 2445 Fulvio
1125 2393 1259 2448 Nobiliore
1279 2395 1392 2448 censore
1427 2398 1428 2423 ¹

254 2481 278 2514 a.
297 2468 360 2516 573.
380 2463 438 2530 (qui
456 2466 582 2530 collegam
602 2462 712 2515 habebat
731 2462 768 2512 M.
781 2461 919 2516 Aemilium
937 2464 1089 2531 Lepidum),
1106 2467 1256 2529 instaurata,
1274 2473 1304 2518 ut
1321 2467 1392 2518 vide·
1427 2471 1428 2480 ³

256 2541 314 2599 tur,
333 2551 348 2586 u
366 2535 398 2587 L.
412 2537 520 2587 Aemilio
538 2535 646 2599 Paullo,
663 2534 754 2588 Persei
772 2534 884 2600 victore,
910 2551 1018 2587 censore
1037 2553 1060 2588 a.
1079 2540 1140 2588 588.
1159 2536 1273 2603 (Statius
1292 2530 1357 2589 Silv.
1372 2538 1391 2602 Ι,

257 2611 283 2670 1,
297 2606 366 2673 30.),
383 2607 476 2658 iterum
494 2605 592 2657 relecta
609 2607 642 2656 ab
656 2605 766 2656 Aemilio
784 2605 876 2656 Paullo
888 2607 981 2659 Aedlle
999 2609 1060 2660 circ.
1076 2623 1100 2658 a.
1114 2612 1176 2659 700.
1195 2607 1308 2674 (Saclrse
1323 2610 1391 2662 Hist.

256 2684 284 2728 et
296 2678 387 2728 Descr.
399 2678 477 2728 Urbis
495 2676 561 2730 Τ.1.
580 2694 606 2743 p.
617 2681 745 2742 612sqq.,
763 2687 907 2742 quanquam
926 2676 993 2730 huuc
1009 2695 1061 2730 non
1079 2679 1104 2730 in
1121 2681 1238 2731 omuibus
1250 2682 1392 2748 essentien-

256 2755 309 2800 tem
328 2747 397 2800 hisce
416 2746 522 2813 liabeo).
559 2748 657 2812 Varro,
681 2748 810 2800 referente
828 2747 914 2800 Plinio
932 2749 965 2800 N.
984 2749 1019 2802 H.
1038 2750 1096 2814 Vll,
1114 2755 1173 2815 60„
1195 2752 1306 2818 primum
1324 2755 1392 2804 sola-

258 2819 339 2884 rium,
366 2820 435 2886 quod
454 2819 764 2884 diligentius.ordinatum
783 2824 851 2870 esset
869 2826 896 2870 et
913 2821 1014 2874 Romae
1034 2823 1106 2873 caelo
1124 2829 1295 2888 congrueret,
1320 2825 1391 2876 iuxta

256 2891 354 2942 Rostra
372 2893 482 2958 positum
501 2890 602 2941 dixerat
619 2908 634 2941 a
653 2891 687 2945 Q·
700 2889 799 2942 Marcio
817 2888 946 2958 Philippo,
964 2893 995 2944 L.
1006 2892 1090 2945 Paulli
1107 2893 1132 2943 in
1150 2909 1258 2946 censura
1277 2895 1392 2961 collega3

257 2968 284 3016 et
303 2963 470 3026 crediderim,
497 2960 546 3014 lroc
568 2961 626 3029 ipso
644 2967 762 3029 tempore
784 2961 862 3014 etiam
879 2963 1147 3032 Paullumbesilicnm
1164 2980 1236 3016 snam
1253 2967 1298 3018 illo
1317 2965 1392 3018 horo-

258 3035 328 3100 logio
347 3036 491 3099 ornavisse,
517 3032 619 3099 dequo
638 3031 663 3086 lr.
683 3034 700 3085 l.
719 3033 826 3086 dicitnr:
855 3035 990 3088 Cornelius
1009 3042 1094 3092 tamen
1112 3036 1155 3100 qui
1174 3036 1267 3100 luerit,
1291 3039 1319 3090 in
1338 3055 1390 3092 me·

258 3105 328 3158 dium
346 3108 479 3172 relinquo,
507 3112 534 3159 et
552 3105 585 3158 de
607 3106 726 3158 universa
744 3106 894 3171 quaestione
911 3108 1020 3160 aliorum
1037 3107 1130 3160 iudicis
1148 3114 1280 3176 exspecto.

279 3237 282 3242 ·
371 3227 401 3294 5.
435 3244 506 3292 nn.
525 3239 646 3307 caeciae]
664 3243 751 3295 Locus
769 3242 869 3312 plenior
887 3239 959 3294 ertu
983 3241 1050 3295 rnna
1067 3245 1132 3310 vu,
1150 3249 1195 3298 51.
1353 3243 1392 3295 ι..

212 3373 216 3379 μ
258 3313 410 3380 Plaetoria]
436 3313 474 3365 sic
496 3314 658 3366 scribendum
682 3331 755 3379 esse,
784 3312 847 3366 mihi
869 3313 975 3366 dubium
999 3331 1049 3367 non
1073 3315 1123 3368 fuit
1142 3322 1202 3384 post
1219 3324 1392 3384 comparatum

260 3389 429 3440 Censorinum
447 3384 483 3436 de'
498 3385 530 3436 D.
550 3383 647 3449 Nau,
665 3390 690 3437 3.
726 3387 901 3453 Proposuerat
919 3386 945 3438 id
962 3388 1013 3437 iam
1032 3387 1157 3454 Scaliger.
1194 3387 1236 3436 lex
1254 3388 1393 3453 praetoria

261 3459 335 3514 codd.
373 3459 495 3511 Ceterum
514 3456 547 3508 ‹le
563 3453 622 3508 liac
639 3456 770 3510 Plaetoria
788 3459 847 3523 lege
865 3459 950 3510 omnia
968 3456 1050 3510 adhuc
1066 3459 1171 3511 incerta.
1196 3459 1228 3510 V.
1239 3457 1393 3510 Niebuhrius

260 3530 295 3585 lt.
306 3531 342 3584 H.
357 3531 405 3595 lll,
429 3533 509 3598 p.38.
527 3544 552 3582 u.
663 3529 772 3594 praeco]
792 3529 931 3597 Scioppius
949 3544 982 3581 ex
1000 3531 1178 3583 emendatione
1195 3529 1392 3597 Fulvii-Ursini.

256 3611 369 3669 praetor
387 3602 462 3654 codd.
500 3600 529 3652 A
544 3597 666 3651 columna
681 3599 793 3649 Maenia
804 3601 842 3648 ud
852 3618 980 3650 currerem
998 3600 1126 3653 inclinatu
1143 3601 1228 3658 sidere
1246 3619 1394 3668 supremum

256 3673 455 3740 priunumiubut
467 3671 631 3740 (aecensus),
649 3675 717 3724 teste
734 3670 820 3723 Plinio
837 3671 871 3724 N.
882 3672 917 3726 H.
932 3672 990 3736 Vll,
1003 3677 1046 3724 60.
1159 3688 1178 3722 a
1195 3669 1314 3736 Sabinis]
1328 3673 1393 3724 idem

261 3743 316 3795 lere
335 3746 431 3810 legitur
447 3745 513 3809 Vll,
530 3748 574 3795 tr.
724 3741 815 3807 Lucii]
834 3759 876 3809 vg.
912 3742 968 3792 luci
984 3743 1060 3795 codd.
1209 3742 1279 3811 luce]
1299 3744 1355 3794 luci
1370 3745 1392 3795 b.

258 3814 345 3882 primo
363 3816 419 3866 luci
437 3817 502 3868 coni.
515 3815 644 3882 Spengel.
663 3813 755 3882 p.XV.
861 3816 896 3864 In
914 3814 1051 3881 Buaticum]
1071 3813 1137 3867 coni.
1152 3815 1252 3882 scripsi.
1288 3815 1317 3866 in
1336 3833 1393 3866 reu-

261 3885 333 3936 rione
351 3887 402 3938 Ha.
438 3887 467 3937 in
485 3887 617 3936 creatione
635 3887 692 3939 FG.
728 3884 905 3936 ameruaciune
924 3886 948 3937 b.
990 3888 1076 3935 Recte
1094 3888 1253 3951 Augustinus
1270 3887 1297 3938 iu
1314 3903 1393 3952 marg.

261 3973 295 4008 ex
313 3959 388 4011 libro.
434 3960 533 4024 Agrum
550 3958 690 4011 Reatinum
708 3958 819 4010 Sabinos
831 3957 962 4010 Amiterno
979 3958 1111 4026 proiectos
1128 3959 1238 4025 primum
1254 3973 1394 4025 occupasse

259 4036 378 4093 constat3
399 4029 453 4096 liic,
471 4047 522 4082 uon
540 4030 650 4094 Romae,
669 4028 853 4097 crepusculum
871 4029 974 4081 dubium
993 4028 1152 4095 significasse
1169 4031 1279 4084 videtur.
1316 4031 1394 4082 crte-

262 4115 318 4153 rum
337 4103 435 4169 priores
453 4108 514 4155 aute
529 4101 714 4169 crepusculum
731 4103 951 4168 interpunxeraut.

372 4223 403 4286 6.
429 4235 629 4302 Catulusll'ub.
669 4237 788 4288 catullus
801 4235 862 4288 GH.
898 4233 1036 4288 Pacuuius
1054 4219 1185 4301 ScaligerJ
1202 4235 1393 4303 proplerVnrr.

261 4308 295 4362 ds
311 4309 346 4364 it.
365 4310 400 4366 R.
419 4308 439 4372 l,
458 4312 484 4371 2,
502 4311 528 4360 5.
647 4310 718 4374 uum]
737 4301 811 4364 codd·
831 4307 999 4376 praetuli..
1026 4307 1052 4360 iu
1070 4325 1121 4375 quo
1142 4314 1181 4360 est
1199 4325 1265 4360 cunr.
1292 4323 1393 4371 om.rg.

1229 4523 1239 4550 t
