2890 4820
484 301 733 349 suraoars.
916 285 922 302 “
1082 278 1170 357 ΧΧΙΧ
1256 259 1259 266 .

55 459 91 524 de
103 459 138 524 b.
149 459 187 526 1..
207 460 414 548 scripsissent.
457 458 525 526 Sed
546 460 639 526 facile
659 459 702 526 ad
723 459 918 530 credendum
941 476 999 547 est,
1021 467 1062 534 ad
1084 469 1169 538 hunc

55 547 227 625 Varronem,
250 547 301 634 qui
319 546 440 648 primus
461 567 525 610 non
547 547 737 632 stribligines
759 561 791 614 et
812 550 1003 636 aenigmata,
1023 554 1079 622 sed
1102 579 1169 630 ser-

53 653 163 696 monem
191 631 222 695 in
251 632 409 718 plerusque
437 631 560 696 facilem
585 645 619 699 et
646 654 756 699 seusus
778 655 841 699 non
863 650 1024 724 expertem
1051 641 1169 708 offerre

54 715 222 795 videbatur,
255 718 414 804 stupuisse
436 717 503 782 eius
525 718 637 784 aetatis
659 718 816 800 homiues,
848 743 953 809 neque
974 722 1059 791 hunc
1079 729 1170 814 quasi

52 801 128 866 coelo
147 803 298 868 donatum
319 825 339 867 a
357 825 516 890 quoquam
534 803 610 891 eripi
629 801 687 868 sibi
705 824 817 888 pessos
832 829 911 873 esse.
946 809 1020 883 Quo
1039 812 1169 894 factum,

52 898 81 951 ut
99 887 175 953 baec
196 886 384 974 interpolata
410 890 511 954 forma
538 911 597 976 per
620 909 745 966 omnes,
779 891 832 977 qui
860 896 1076 981 sequebantur
1098 897 1169 963 edi-

52 984 140 1052 tores,
164 974 341 1038 Henricurn
363 974 578 1060 Stephanum,
600 972 787 1062 Dionysium
809 975 1058 1062 Gothosredum,
1080 981 1168 1072 Pop-

51 1079 131 1136 marn,
152 1059 339 1147 Bipontinos
360 1080 420 1147 pru
443 1069 540 1208 agata
561 1058 610 1134 sit,
632 1071 728 1146 atque
747 1058 818 1123 iure
837 1060 868 1124 in
888 1084 1002 1130 nornen
1021 1067 1070 1134 vol
1097 1081 1169 1135 atae

51 1143 194 1230 scriptura
216 1143 344 1209 venerit.
414 1083 459 1209 do
503 1152 552 1208 est
572 1143 666 1208 etiarn
680 1141 774 1207 stud
795 1143 1053 1232 interpolatorum
1072 1090 1168 1221 lubre-

50 1249 109 1293 rum
129 1251 250 1316 genus,
274 1229 363 1294 cuius
384 1227 425 1292 ad
447 1225 624 1313 exemplum
644 1225 828 1314 ponendum
853 1229 968 1299 adsunt
987 1234 1019 1300 hi
1039 1235 1125 1306 libri:

122 1357 152 1424 3.
197 1357 360 1432 Codex,
399 1375 437 1419 ex
465 1375 529 1440 quo
559 1354 692 1438 primum
723 1353 755 1420 hi
791 1353 862 1422 libri
890 1381 910 1426 a
937 1360 1168 1452 Pomponio

50 1441 175 1510 Laeto
199 1444 325 1509 Romae
345 1438 623 1506 MCCCCLXXI.
644 1437 718 1513 editi
739 1450 821 1507 sunt.

114 1598 144 1664 4.
168 1597 303 1663 Codex
323 1594 551 1683 Lipsiensis,
569 1594 766 1675 chartaceus,
778 1595 810 1660 in
829 1595 1020 1663 bibliotheca
1030 1600 1167 1670 Senatus

47 1693 235 1762 asservatus,
258 1681 347 1748 cuius
361 1692 485 1767 partem
499 1703 569 1746 meo
584 1681 709 1746 nomine
728 1693 863 1768 rogatus
885 1706 904 1747 a
927 1683 1167 1753 Wachsmuthio

46 1767 75 1832 V.
90 1766 160 1832 Cel.
174 1766 315 1853 diligenti
331 1787 408 1832 cura
423 1766 555 1831 contulit
571 1764 685 1832 doctus
705 1766 824 1832 iuvenis
842 1767 949 1833 Jahn
968 1769 1167 1839 Kilouiensis.

46 1851 104 1916 llic
127 1862 235 1918 autem
264 1851 342 1916 liber
361 1849 572 1937 Pomponiani
601 1863 666 1917 tam
687 1851 792 1917 similis
816 1863 881 1926 est,
913 1852 1006 1938 eique
1029 1859 1169 1944 exceptis

46 1936 198 2003 minutulis
220 1935 407 2024 quibusdam
435 1936 660 2003 mutationibus
690 1947 754 2002 tarn
785 1957 896 2023 presse
929 1937 1099 2020 adhaeret,
1133 1955 1171 2008 ut

47 2023 85 2086 rel
108 2045 147 2088 ex
172 2021 285 2086 eodem
305 2021 518 2122 manuscripto
539 2021 638 2100 libro,
662 2021 727 2095 vel,
748 2020 836 2108 quod
857 2020 955 2088 multo
977 2025 1167 2111 probabilius

47 2119 104 2187 est,
133 2130 174 2172 ex
196 2107 292 2195 ipsius
313 2107 481 2192 Pomponii
503 2105 670 2194 exemplari
694 2107 902 2195 transcriptus
924 2130 996 2174 esse
1016 2109 1167 2177 videatur.

47 2191 121 2257 Nam'
140 2191 352 2281 Pomponiam
372 2191 474 2258 codici
497 2216 554 2258 suo
577 2214 638 2272 non
663 2190 795 2278 perinde
819 2190 1032 2280 mancipatum
1061 2195 1168 2275 suisse,

49 2276 99 2341 sed
126 2279 220 2344 etiam
248 2277 322 2343 hino
352 2276 427 2341 inde
456 2300 496 2341 ex
524 2277 668 2342 obscuris
698 2275 816 2342 codicis
846 2276 941 2344 literis
974 2294 1168 2368 aucupatum

50 2383 111 2428 esse
136 2363 324 2441 sententias,
357 2384 395 2425 ex
424 2361 520 2448 ipsius
550 2361 727 2426 testimonio
756 2360 895 2428 discitur.
940 2363 1054 2429 Codex
1076 2368 1167 2444 enim,

67 2470 105 2512 uo
127 2451 292 2526 utebatur,
313 2466 492 2532 quanquam
514 2445 564 2510 illa
584 2445 830 2532 interpolationis
850 2445 922 2510 labe
943 2458 1066 2528 tactus,
1087 2473 1167 2516 nou-

49 2468 117 2598 llum
138 2546 244 2600 tamen
269 2531 392 2620 penitus
415 2551 485 2596 eam
505 2529 674 2611 hauserat;
710 2528 768 2594 sed
789 2528 911 2596 medius
932 2530 1167 2618 quodammodo

51 2619 169 2686 natabat
189 2620 273 2684 inter
296 2640 351 2682 eos
371 2615 483 2698 libros,
515 2616 568 2704 qui
596 2616 779 2716 incorrupta
807 2613 871 2680 fide
893 2637 932 2681 ex
954 2618 1167 2707 antiquissimo

53 2703 154 2770 codice
188 2701 340 2789 descripti
370 2710 458 2780 sunt,
502 2713 536 2766 et
566 2701 733 2787 Augustinr
765 2699 848 2766 illum
879 2701 1167 2792 διεσκευασμένον.

52 2786 135 2860 Quod
160 2789 205 2856 ita
227 2811 262 2854 se
281 2788 401 2852 habere
420 2785 666 2873 uniuscuiusque
689 2785 832 2874 pagellae
851 2785 938 2874 apud
960 2790 1167 2878 Spengelium

52 2873 195 2962 scriptura
218 2873 338 2939 varians
364 2883 545 2960 comparata
566 2869 711 2940 ostendit.

152 3011 251 3078 Nunc
279 3007 379 3076 atad
405 3032 461 3092 ea,
492 3033 575 3098 quae
603 3032 700 3096 snpra
725 3010 787 3075 iam
817 2997 1003 3097 significari,
1037 3003 1166 3080 demon-

54 3095 170 3161 stranda
192 3119 246 3162 me
269 3105 466 3171 convertam,
486 3096 572 3183 quod
595 3095 669 3174 diri,
690 3095 907 3181 interpolatam
928 3095 1011 3162 hanc
1033 3099 1167 3169 formam

54 3177 94 3242 alii
115 3191 361 3270 superstructum
382 3203 445 3246 non
466 3203 537 3246 esse
558 3179 781 3259 fundamento,
814 3181 872 3246 nisi
893 3181 995 3248 codici
1025 3183 1065 3249 illi
1088 3189 1166 3254 anti-

55 3265 211 3347 quissimo,
246 3267 403 3332 communi
433 3268 570 3332 omniurn
600 3265 751 3330 librorum
780 3264 873 3345 fonti,
911 3267 955 3334 ita
984 3279 1022 3335 ut
1051 3273 1165 3352 omnia,

55 3370 126 3431 quae
156 3352 242 3441 apud
276 3353 412 3418 Laetum
445 3362 478 3416 et
510 3350 720 3436 Augustinum
756 3348 879 3420 diversa
917 3356 1115 3442 reperiuntur
1145 3381 1165 3424 a

55 3436 196 3524 scriptura
219 3439 406 3515 reflabo,
433 3437 496 3501 non
524 3435 640 3503 tradita
669 3457 708 3499 ex
736 3436 919 3524 antiquitate
945 3439 1002 3505 sed
1029 3441 1166 3506 novicio-

55 3537 113 3584 rum
132 3525 330 3609 ingeuiorum
354 3523 479 3588 inventa
500 3520 647 3586 habenda
664 3521 741 3587 sint:
769 3521 801 3586 id
823 3523 977 3588 eiusmodi
996 3546 1067 3590 esse
1080 3527 1164 3616 quis-

56 3624 109 3688 que
124 3607 276 3694 intelligit,
298 3619 333 3672 ut
350 3606 499 3694 exemplis
522 3607 689 3695 propositis
708 3605 801 3692 plene
823 3609 950 3693 probari
972 3631 1034 3674 non
1054 3611 1164 3697 possit.

57 3689 114 3753 Sed
135 3717 190 3780 pro
215 3691 362 3780 exemplis
378 3694 418 3759 sit
436 3693 658 3772 testimonium,
678 3693 797 3756 etiamsi
821 3717 840 3756 a
859 3715 909 3757 me
928 3692 960 3757 in
982 3717 1052 3760 mea
1068 3719 1166 3762 causa

56 3775 198 3858 prolatum
229 3779 379 3844 infirmius
409 3778 505 3843 videri
537 3778 653 3866 possit:
697 3776 872 3862 perlegisse
903 3801 954 3844 me
983 3779 1041 3847 hos
1068 3781 1165 3848 libros

58 3880 91 3921 eo
113 3865 254 3946 consilio,
289 3874 324 3929 ut
352 3862 574 3949 intelligerem,
607 3859 818 3951 quidquamne
854 3873 939 3930 esset
970 3863 1001 3929 ia
1030 3865 1166 3954 volgata,

58 3947 133 4028 quod
155 3949 245 4014 aliam
268 3949 422 4035 originem
448 3948 613 4017 manifesto
640 3958 808 4030 argueret,
835 3947 892 4012 sed
914 3951 1091 4038 repperisse
1111 3970 1168 4025 ,me

58 4030 131 4110 nibil,
152 4034 238 4120 quod
259 4057 320 4098 non
335 4046 390 4099 aut
403 4055 442 4097 ex
460 4046 581 4100 vetusta
598 4031 649 4098 illa
670 4033 824 4097 bonorum
844 4032 993 4101 librorum
1013 4037 1168 4124 scriptura

59 4127 108 4181 aut
137 4141 174 4184 ex
208 4121 335 4206 ingenio
366 4118 568 4185 mediocriter
597 4118 695 4183 docto
726 4127 759 4182 et
785 4120 957 4186 exercitato
988 4122 1168 4208 provenisse

60 4200 197 4269 credibile
218 4215 310 4270 esset.
331 4204 455 4289 (Unum
471 4203 593 4291 excipio
612 4202 726 4279 locum,
754 4201 795 4266 de
817 4226 880 4290 quo
902 4216 1014 4291 postea
1036 4205 1169 4291 dicam.)

60 4283 99 4348 Ac
116 4290 308 4355 veroomnis
333 4289 587 4368 illacalamltas',
621 4303 684 4376 qua
711 4286 806 4353 libros
834 4289 970 4356 melioris
994 4301 1089 4357 notae
1112 4289 1168 4355 ad-

60 4368 151 4438 flictos
175 4397 246 4442 esse
271 4373 418 4456 vidimus,
451 4372 624 4442 communis
650 4372 744 4440 etiarn
761 4383 816 4440 est
841 4373 915 4442 huic
939 4373 1089 4441 librorum
1108 4397 1167 4462 ge-
