2866 4812
235 204 315 280 156
387 263 393 274 .
612 234 733 278 turn
775 233 995 280 aerrrnoa.

235 395 328 494 apud
351 393 527 468 Ennium:

348 501 463 588 Eheu,
485 522 567 568 meo
575 500 716 593 puella,
739 499 837 592 spei*
852 499 997 592 qnidam
1018 498 1060 568 td
1073 498 1266 568 succeseit*
1281 496 1351 565 tihi
1360 527 1370 588 ,-

235 608 328 709 apud
353 605 586 705 Pompilium:
922 688 927 700 ·

345 715 454 802 Hen,
488 735 562 805 qna
583 734 640 780 me
661 735 796 800 canan,
823 714 1013 799 Fortuna,
1045 711 1183 802 infeste
1195 706 1372 805 premis?

235 830 343 925 Quod
373 834 422 904 ait
452 831 623 927 iurgio,
663 829 700 901 id
734 842 785 904 est
814 829 956 925 litibus3
1001 832 1120 926 itaque
1144 825 1282 924 'quibus
1313 853 1372 898 res
1426 895 1427 902 ,

234 946 309 1008 erat
341 936 378 1005 in
406 933 662 1025 controversia,
693 959 733 1005 ea
758 931 948 1006 vocabatur
976 931 1055 1026 lis3
1093 929 1172 1004 ideo
1197 932 1234 1002 in
1259 931 1370 1002 aetio·

234 1037 338 1110 nibus
363 1035 519 1108 videmus
545 1033 634 1106 dici:

344 1159 471 1246 Quom
502 1182 581 1227 rem
608 1160 683 1229 sive
712 1161 764 1228 mi
791 1160 891 1228 litem
920 1159 1044 1226 dicere
1070 1168 1233 1250 oportet,

173 1303 279 1374 grex
305 1301 375 1373 qno
395 1276 476 1349 licet
492 1277 611 1350 videre
633 1280 807 1377 iurgare
829 1303 905 1349 esse
927 1274 971 1347 ab
994 1277 1068 1347 iure
1090 1272 1236 1363 dictum,
1264 1247 1373 1367 quom

235 1381 314 1476 quis
347 1381 421 1451 iure
452 1379 623 1478 litigaret3
659 1405 680 1450 a
713 1407 784 1477 quo
818 1375 1033 1478 obiurget
1065 1379 1096 1448 ia
1129 1376 1190 1473 qui
1220 1373 1257 1444 id
1287 1371 1374 1443 facit

231 1483 332 1553 iuste.

335 1587 404 1663 94.
446 1586 558 1689 Apud
578 1593 793 1665 Lucillum*:

346 1708 471 1799 Atque
498 1709 642 1800 aliquos
667 1707 747 1777 ibus
770 1705 817 1778 ab
839 1705 949 1776 rebus
975 1708 1138 1799 clepsere
1149 1705 1246 1795 foro
1268 1704 1339 1794 qni.
1429 1780 1430 1800 χ

233 1799 454 1912 Clepsere
492 1815 600 1907 dixit,
647 1816 740 1888 unde
776 1817 879 1891 etiam
909 1816 968 1888 alii
1004 1814 1211 1912 clepere,
1250 1812 1372 1884 idest

234 1920 428 2016 corripere3
457 1943 605 2016 quorum
630 1920 728 2016 origo
754 1943 775 1988 a
798 1917 909 2011 clam,
939 1930 977 1991 ut
999 1920 1043 1989 sit
1066 1917 1196 1989 dictum
1216 1916 1368 2012 clepere,

233 2020 326 2093 unde
354 2020 508 2116 clepere,
543 2047 588 2092 ex
611 2021 647 2093 Ε
665 2017 705 2093 Α
734 2031 964 2113 commutato,
999 2031 1038 2092 ut
1067 2019 1190 2092 multa.
1246 2018 1371 2091 Potest
1430 2097 1431 2104 χ

231 2123 287 2194 vel
308 2147 328 2192 a
352 2119 489 2194 Graeco
509 2119 641 2194 dictum
665 2122 863 2204 κλέπτειν,
1430 2139 1431 2144 ’

333 2247 419 2323 95..
445 2248 557 2349 Apud
577 2251 745 2328 Manum:

232 2455 307 2507 codd.
344 2457 419 2511 Quae
437 2459 546 2510 nominis
564 2460 667 2511 iteratio
686 2441 744 2512 curli
763 2460 891 2525 offendat,
918 2460 950 2510 ab
976 2458 1159 2524 interpolatore
1177 2457 1288 2525 positum
1307 2462 1349 2506 est

234 2526 375 2579 Naevium.
412 2529 522 2581 Videtur
539 2531 564 2581 in
580 2531 729 2595 fragmentis
747 2533 880 2598 utriusque
896 2535 989 2598 poeitae
1005 2531 1124 2580 omissum
1139 2545 1203 2580 esse.
1275 2527 1367 2592 Eleon]

231 2615 275 2662 vg.
311 2598 367 2648 dan
385 2599 410 2650 b.
448 2600 498 2650 tren
518 2607 579 2652 cett.
599 2602 674 2654 codd.
718 2602 785 2654 Illud
801 2604 944 2670 assumpsi,
969 2608 1023 2654 tum
1042 2600 1075 2650 ad
1096 2615 1196 2650 versum
1214 2599 1369 2666 quadratum

233 2669 402 2735 explendum,
434 2675 487 2722 turn
512 2687 545 2722 ne
572 2672 687 2724 eiusdem
713 2675 817 2725 effutitii
841 2673 960 2726 vocabuli
985 2673 1036 2722 duo
1063 2671 1216 2722 afferrentur
1240 2672 1368 2736 exempla.

231 2739 312 2805 apei']
331 2741 398 2792 coni.
434 2758 481 2808 spe
498 2742 573 2795 eoa.
609 2761 688 2812 saepe
704 2745 741 2796 H.
777 2761 836 2812 sepe
855 2746 880 2798 b.
918 2744 988 2796 Nota
1006 2744 1117 2794 locutios
1134 2741 1185 2794 hoc
1202 2743 1257 2810 spei
1275 2757 1371 2792 succe-

230 2809 278 2862 dit.
315 2811 401 2876 Atque
419 2814 577 2880 antiquiores
594 2815 666 2881 apti,
692 2822 722 2867 ut
738 2816 791 2880 rei,
812 2814 891 2881 fidei.
990 2812 1094 2886 quidem
1111 2812 1142 2862 id
1165 2829 1216 2865 non
1239 2814 1370 2878 liquescit.

230 2881 387 2946 successio]
401 2886 468 2935 coni.
504 2885 636 2935 succensis
647 2886 709 2938 GH.
738 2896 873 2938 succenset
890 2887 936 2939 Fa.
972 2903 1109 2936 succenseo
1126 2885 1151 2936 b.
1258 2885 1372 2950 Pompi-

229 2950 310 3019 lium]
327 2954 412 3006 Podta
430 2971 497 3008 nunc
515 2958 626 3022 ignotus.
716 2958 745 3010 in
762 2957 923 3025 notionibus]
941 2957 1016 3012 Hanc
1032 2955 1169 3010 formulam
1186 2957 1249 3008 iuris
1262 2956 1372 3022 respicit

231 3023 327 3077 cicero
345 3040 392 3092 pro
411 3027 521 3080 Murena
540 3031 588 3092 12,
606 3031 663 3095 et,
688 3030 732 3083 ubi
750 3031 880 3082 mirariue
898 3031 1016 3095 simulat,
1038 3028 1151 3081 noudum
1170 3044 1202 3079 eo
1220 3028 1370 3095 pervenisse

230 3093 318 3159 lotos,
343 3102 373 3146 ut
391 3105 490 3152 certum
506 3099 645 3153 haberent:
674 3119 728 3152 rem
753 3119 790 3152 an
811 3101 886 3150 litem
911 3101 964 3150 dici
987 3108 1128 3168 oporteret.
1163 3099 1266 3150 Monuit
1284 3098 1318 3149 de
1337 3115 1371 3150 ea

209 3181 262 3217 -ue
279 3165 425 3220 Turnebus.
575 3172 611 3221 mi
628 3171 712 3238 litam]
731 3171 840 3224 militem
856 3173 931 3225 codd.
969 3173 1005 3221 mi
1021 3171 1115 3222 retinui
1138 3186 1197 3223 cum
1215 3171 1370 3238 Spengeiio‚

228 3253 290 3360 pium
309 3237 417 3290 Plautus
434 3241 561 3294 interdum
579 3243 644 3293 mitri
662 3243 750 3296 decet:
775 3243 844 3296 uude
862 3245 998 3297 verisimile
1016 3245 1060 3307 fit,
1085 3243 1162 3295 etiam
1181 3241 1246 3291 mitri
1263 3251 1371 3308 oportet

249 3309 282 3360 ici
300 3310 423 3376 potuisse.

343 3395 395 3460 94.
420 3410 566 3478 Lucilium]
585 3413 751 3479 Vertranius‚
771 3414 895 3479 Scaliger.
933 3411 1089 3462 Lucretium
1107 3412 1182 3465 codd.
1217 3414 1250 3466 V.
1269 3411 1302 3464 de
1321 3412 1369 3465 hac

228 3484 361 3535 nominum
380 3483 529 3537 contusione
547 3500 606 3554 nnn.
624 3486 657 3536 ad
677 3489 708 3552 V,
728 3491 770 3538 lt.
895 3483 990 3536 Lucilii
1008 3484 1132 3550 reliquiae
1156 3484 1197 3536 ed.
1215 3484 1259 3535 Fr.
1278 3484 1369 3536 Dousa

228 3555 312 3621 pm.
336 3555 390 3608 Inc.
410 3559 470 3608 184.
619 3554 690 3623 itus]
710 3556 835 3622 Scaliger.
871 3553 909 3605 ibi
926 3554 1001 3607 codd.
1051 3556 1091 3607 De
1109 3555 1257 3608 confirsione
1275 3553 1367 3608 harum

231 3627 439 3679 terminationum
458 3643 482 3680 v.
503 3642 561 3680 ann.
580 3627 613 3678 ad
632 3628 684 3692 Vl,
701 3633 744 3680 25.
789 3626 850 3678 thus
868 3643 916 3695 pro
933 3627 966 3678 iis
982 3627 1093 3678 innotuit
1111 3642 1144 3680 ex
1162 3627 1262 3692 Ennio,
1286 3627 1369 3679 Pom-

228 3699 327 3764 ponio,
353 3698 481 3763 Titinio,
512 3699 621 3763 Plauto,
652 3701 697 3766 qui
721 3699 798 3750 etiam
822 3699 898 3763 ibus,
930 3704 1089 3750 contractum
1112 3715 1146 3750 ex
1170 3700 1252 3762 iibus,
1281 3697 1368 3751 habet.

229 3767 356 3835 clepsere]
376 3785 425 3820 non
444 3776 485 3820 est
502 3767 526 3821 Ιι.
545 3771 561 3822 Ι.
580 3770 737 3839 perlectum,
762 3770 807 3821 sed
831 3769 974 3836 praesentis
997 3769 1134 3822 infinitivus
1153 3771 1259 3834 modus,
1284 3787 1368 3836 quan-

229 3845 287 3890 tum
307 3856 339 3891 ex
354 3841 477 3892 Varronis
494 3841 575 3908 ipsine
592 3843 757 3908 sequentibus
772 3839 857 3893 verbis
875 3842 984 3906 intelligi
1000 3847 1093 3907 potest.
1110 3901 1111 3910 ἵ
1131 3842 1170 3893 Cf.
1183 3844 1216 3895 G.
1225 3843 1366 3896 Hermann.

230 3909 330 3976 Opusc.
347 3911 394 3963 111.
413 3929 437 3979 p.
451 3915 510 3962 119.
654 3913 720 3984 foro
739 3912 798 3984 qni]
817 3911 935 3983 foroque
957 3912 1023 3964 coni.
1042 3913 1168 3978 Scaliger.
1213 3913 1267 3966 Sed
1288 3917 1368 3968 totins

229 3995 321 4032 versus
339 3999 429 4035 sensus
447 3983 580 4035 obscurior
593 3991 640 4036 est.
754 4001 786 4032 ax
800 3985 826 4034 Ε
835 3983 875 4047 A]
889 3984 988 4051 scripsi,
1006 3985 1099 4050 partim
1113 3986 1242 4050 volgatam
1255 4002 1367 4054 sequeus

230 4052 376 4106 lectionem.
414 4064 441 4104 et
458 4072 490 4103 en
508 4056 532 4106 b.
570 4065 596 4104 et
615 4074 647 4105 ex
665 4073 698 4106 en
717 4062 776 4108 cett.
797 4053 871 4109 codd.
986 4057 1157 4122 commutato]
1171 4073 1213 4123 vg.
1251 4076 1366 4109 commn-

230 4121 300 4171 tntio
319 4127 392 4176 codd.

343 4206 394 4270 95.
420 4225 549 4290 Manum]
574 4227 661 4280 iliadis
679 4229 851 4292 interpretem.
900 4227 985 4278 Locus
1004 4226 1104 4278 videtur
1122 4235 1238 4295 sumptus
1256 4245 1315 4284 esse
1335 4248 1365 4282 ex

231 4292 303 4346 lliad.
320 4293 340 4356 l,
359 4297 401 4344 56.
420 4293 511 4359 rddere
529 4294 578 4366 pelp
598 4300 707 4350 torono
727 4292 766 4348 io
785 4298 818 4366 ῥα
835 4295 998 4365 θνήσκοντας
1018 4293 1104 4366 ὁρᾶτο,
1141 4302 1224 4354 Aliter
1238 4303 1365 4369 Scaliger.
