2864 4814
275 197 354 274 106
619 277 625 292 ,
688 226 809 270 risen
847 223 1021 272 sexsus.
1048 237 1051 248 ·

273 397 307 458 te
332 411 407 460 esse
432 384 612 460 heredem:
651 387 769 482 itaque
794 384 830 456 in
857 385 1064 456 cretione
1089 379 1253 457 adhibere
1278 381 1391 458 iubent

273 499 390 566 testes.
444 485 506 560 Ab
532 487 652 562 eodem
679 499 732 560 est
756 484 851 585 quod
875 487 925 558 ait
949 485 1099 558 Medea:

444 615 515 682 Ter
541 611 607 682 sub
633 613 751 680 armis
778 611 904 680 malim
935 611 1047 680 citum
1075 631 1287 694 cernere,

388 735 509 820 Quom
534 732 646 800 semel
670 733 776 800 modo
796 752 955 824 parere;

195 847 388 944 (eoquod,
434 858 473 918 ut
509 845 697 922 decernunt
736 849 779 921 de
814 852 884 921 vita
917 872 959 919 eo
995 855 1170 942 tempore,
1212 845 1391 917 multorum

270 948 428 1020 videatur
458 951 547 1022 vitae
578 950 672 1023 finis.
841 946 909 1022 82.
947 948 1168 1045 Spectare
1198 947 1331 1020 dictum
1355 945 1391 1017 ab

271 1051 441 1148 specio*
463 1053 625 1152 antiquo,
654 1079 724 1151 quo
749 1053 851 1125 etiam
874 1053 1012 1124 Ennius
1037 1075 1143 1122 usus:

385 1175 463 1243 Vos
493 1179 635 1270 epuloJs
658 1193 859 1273 postquam
890 1174 1030 1268 spexit3

270 1301 305 1364 et
345 1291 441 1388 quod
478 1295 514 1365 in
561 1294 729 1392 auspiciis
771 1295 993 1384 distributum
1038 1303 1119 1385 est,
1168 1290 1229 1388 qui
1270 1287 1394 1361 habent

206 1424 255 1494 ξς]
269 1395 571 1489 spectionem,
598 1398 666 1493 'qui
694 1423 764 1468 non
795 1395 946 1468 habeant
955 1424 966 1489 3
1003 1405 1039 1467 et
1063 1393 1158 1492 quod
1183 1395 1219 1464 in
1242 1395 1393 1491 auguriis

268 1495 372 1566 etiam
396 1522 489 1567 nunc
515 1523 663 1596 augures
689 1497 809 1570 dicunt
834 1524 956 1571 avem
979 1521 1175 1593 specere.
1240 1493 1393 1567 Consue-

268 1593 352 1667 tudo
376 1600 581 1690 communis,
604 1625 693 1695 quae
715 1625 795 1671 curn
814 1598 1024 1697 praeverbiis
1042 1599 1225 1669 coniuncta
1243 1597 1393 1687 mermi,

267 1698 369 1768 etium
396 1723 488 1769 nunc
522 1712 635 1772 servat
662 1711 702 1772 ut
731 1703 928 1798 aspicio,
964 1700 1226 1796 conspicio,
1262 1701 1394 1795 respi-

269 1797 358 1896 cio,
396 1801 620 1897 suspicio,
659 1801 887 1900 despicio,
923 1804 973 1874 sie
1006 1802 1095 1895 aliu,
1136 1803 1171 1872 in
1198 1825 1268 1898 quo
1296 1803 1395 1872 etiam

268 1911 500 1996 exspecto,
529 1901 622 2000 quod
648 1916 803 2000 spectare
824 1904 916 1976 volo.
954 1905 1051 1975 Hinc
1073 1901 1279 2000 specula3
1315 1901 1394 1972 hinc

268 2002 506 2097 speculum,
533 2003 625 2100 quod
646 2005 681 2077 in
705 2031 745 2078 eo
765 2007 937 2102 specimus
956 2007 1152 2103 imaginem.
1198 2003 1394 2100 Speculo,

268 2101 399 2200 dequo
419 2107 663 2202 prospicimus.
709 2107 977 2205 Speculator
996 2132 1099 2204 quem
1115 2107 1281 2177 mittimus
1301 2117 1392 2196 anie,

267 2214 307 2274 ut
328 2207 489 2303 respiciat
514 2231 603 2305 quae
634 2206 807 2281 volumus.
860 2210 959 2280 Hinc
991 2209 1051 2304 qui
1083 2205 1203 2280 oculos
1233 2207 1393 2306 inungui.-

267 2331 369 2400 mus,
398 2307 524 2407 quibus
548 2310 742 2407 specimus,
776 2311 1031 2411 specillum.

1426 2455 1427 2484 i

268 2529 359 2582 diebus
383 2540 489 2583 centum
509 2532 654 2603 proximis,
686 2533 783 2604 quibus
803 2535 870 2587 scies
890 2533 1058 2604 poterisque:
1088 2532 1188 2604 quodni
1211 2532 1253 2584 ira
1278 2531 1393 2594 cremo,

267 2602 376 2653 exheres
392 2612 457 2654 esto.
572 2604 680 2671 Medea]
697 2606 781 2658 Ennii.
819 2607 859 2660 Cf.
879 2605 977 2658 Nonius
996 2622 1016 2656 s.
1031 2621 1055 2658 v.
1074 2622 1179 2658 cernere
1198 2623 1222 2672 p.
1232 2609 1295 2656 261.
1315 2605 1392 2657 Mero.

267 2672 312 2724 ubi
337 2674 409 2724 locus
433 2674 472 2725 bis
500 2674 633 2740 laudetur,
659 2682 686 2727 et
711 2678 783 2742 prius
805 2678 907 2744 quidem
932 2693 966 2729 ex
990 2677 1113 2729 Varronis
1138 2677 1390 2728 Gerontodidescaio.

267 2742 353 2794 Bothe
371 2745 402 2796 P.
420 2745 465 2798 Sc.
484 2744 516 2796 L.
536 2746 569 2811 V,
588 2751 612 2798 l.
630 2753 659 2813 p.'
670 2750 713 2822 pii.
860 2747 921 2814 Ter]
940 2765 1003 2799 nam
1021 2756 1063 2798 rer
1080 2754 1121 2800 est
1138 2748 1206 2815 opud
1224 2747 1336 2800 Nonium
1354 2763 1392 2798 se-

267 2815 352 2866 cundo
370 2815 438 2868 loco.
603 2817 700 2883 vitem]
719 2817 820 2870 Nonius
837 2825 949 2886 utroque
966 2821 1033 2871 ioco.
1075 2819 1161 2869 multu
1179 2820 1304 2873 Varronis
1322 2818 1393 2871 codd.

266 2885 345 2950 idque
363 2885 402 2938 bis
420 2887 493 2953 ponit
512 2887 546 2938 G.
667 2888 774 2955 parere]
790 2890 882 2956 parire
900 2891 967 2944 coni.
985 2891 1068 2942 Porso
1087 2891 1119 2942 nd
1137 2890 1228 2958 Eurip.
1247 2891 1320 2943 Med.
1335 2893 1393 2941 252.

265 2957 339 3008 idern
357 2957 443 3008 Semel
459 2974 540 3028 quom
557 2957 633 3009 modo
650 2962 821 3028 transposuit,
846 2969 876 3014 ut
893 2964 1023 3014 trimetros
1041 2962 1164 3015 iambicos
1183 2961 1307 3016 efficeret.
1344 2960 1393 3014 Sed
1424 3003 1425 3032 ,

267 3029 385 3095 quadrati
407 3028 435 3082 hi
451 3045 541 3082 versus
558 3030 637 3084 tuisse
650 3032 778 3086 uidentur.
834 3059 838 3069 ι
1424 3039 1425 3046 ’

378 3141 429 3206 82.
455 3151 563 3226 speciei]
581 3173 624 3221 vg.
652 3172 702 3209 om.
720 3155 795 3210 codd.
938 3153 992 3221 Vos
1009 3154 1123 3223 epnio†]
1141 3155 1218 3208 Ennii
1235 3157 1309 3208 iocus
1328 3163 1395 3209 extet

266 3245 308 3298 up.
329 3228 433 3280 Festum
454 3229 625 3295 suspicit,
651 3245 677 3295 p.
692 3231 754 3280 257.
772 3225 907 3290 Lindem,
936 3241 969 3278 ex
987 3228 1004 3280 l.
1023 3227 1069 3280 vl.
1087 3230 1177 3280 Annei.
1195 3228 1261 3295 (qno
1280 3228 1348 3279 libro
1367 3229 1395 3279 de
1423 3273 1424 3292 ἒ

266 3299 367 3367 Pyrrho
385 3296 549 3364 canebatur)
567 3300 603 3349 irs
620 3301 744 3367 scriptus:
770 3299 843 3367 Quos
862 3296 908 3347 ubi
925 3315 972 3348 rea·
990 3329 1040 3351 ·..
1059 3296 1104 3348 clo
1119 3299 1207 3366 spexit
1225 3299 1256 3346 de
1274 3299 1394 3349 centibus

268 3372 354 3423 celsis.
391 3371 443 3422 Hic
462 3371 534 3422 loeus
552 3374 579 3420 et
597 3376 685 3421 noster
703 3387 761 3422 cum
780 3367 890 3421 eundern
908 3369 985 3420 Ennii
1003 3385 1105 3423 versum
1123 3371 1220 3422 referre
1237 3369 1393 3434 viderentur,

267 3445 347 3496 multe
373 3447 469 3494 tentato
494 3445 553 3491 suut
577 3446 607 3491 ut
631 3441 763 3508 utriusque
789 3440 902 3492 subsidio
921 3441 998 3493 Ennii
1016 3455 1106 3492 manus
1124 3443 1323 3506 restitueretur3
1352 3443 1394 3494 sed

184 3534 190 3546 ·
267 3514 329 3566 nihii
354 3529 443 3568 eorum
468 3512 580 3564 animum
604 3527 698 3576 magne
722 3511 910 3580 probabilitatis
933 3511 1020 3580 specie
1045 3512 1112 3567 terit.
1145 3515 1178 3566 V.
1196 3514 1307 3580 iuterpr.
1326 3514 1394 3566 Festi

267 3583 578 3722 iiiiiiiiiffiiiffli'
601 3583 740 3722 iiiii
757 3583 790 3634 ⁸⁶
807 3582 874 3635 ¹³⁰⁰·
887 3583 1299 3721 iiiiiiniiinitiig
1321 3583 1394 3710 Eiii

269 3744 293 3782 v.
312 3745 369 3782 nnn.
390 3728 422 3780 ed
441 3729 552 3792 V',140.
577 3731 605 3776 et
622 3725 655 3779 cf.
674 3725 714 3789 X,
734 3729 759 3776 9.
789 3739 859 3796 quoe
882 3733 967 3775 sunt
989 3743 1087 3796 genera
1103 3762 1149 3791 ..,
1178 3727 1393 3794 perspiciendum.
1422 3709 1423 3747 ¹

268 3818 322 3850 non
340 3797 523 3864 habeant]Fa.
560 3794 694 3848 habebunt
712 3795 791 3849 GHb.
827 3795 998 3861 Inaequalitns
1017 3797 1150 3850 modorum
1167 3799 1193 3850 iu
1211 3799 1330 3852 Varrone
1349 3815 1393 3850 non

269 3871 385 3923 offendit.
422 3869 462 3921 Gt
481 3868 527 3933 Vl,
544 3869 588 3920 95.
616 3886 694 3939 quom
711 3886 763 3918 non
782 3866 888 3918 adesset
905 3877 932 3916 et
950 3867 1019 3918 nihii
1036 3868 1176 3920 intererat·
1202 3869 1308 3934 1X‚10.
1328 3869 1395 3938 quod

269 3941 443 3993 nondomest
461 3948 489 3989 er
504 3956 643 4008 perperam
660 3939 785 4004 dicatum
805 3944 832 3992 et
849 3939 987 4007 praecipue
1006 3942 1176 3992 memorabilis
1194 3941 1266 3994 iocus
1283 3941 1356 4004 Vlli,
1373 3945 1392 3992 t.

270 4013 445 4066 -Ceterum
471 4012 503 4064 de
529 4011 723 4079 impeditissima
740 4011 799 4075 ilie,
823 4010 867 4076 qui
886 4007 1019 4062 trebueriut
1042 4011 1215 4081 spectionem,
1245 4015 1391 4077 quaestione

270 4099 353 4150 nuper
372 4085 425 4136 dixi
444 4084 543 4136 Rerum
560 4081 728 4135 Etmscarnni
748 4082 800 4147 ill,
818 4085 851 4145 5,
868 4085 894 4133 2.
920 4101 944 4150 p.
960 4086 1012 4134 112
1024 4098 1062 4148 sq.
1211 4081 1337 4150 despicio]
1355 4099 1392 4147 vg.
1420 4097 1421 4110 ¹

269 4154 378 4220 inspicio
397 4156 432 4208 H.
468 4153 555 4203 idest
573 4153 655 4220 spicio
673 4153 763 4206 nean.
812 4153 871 4204 Hoc
896 4153 955 4206 inde
980 4161 1080 4218 ortum,
1106 4155 1175 4222 quod
1200 4153 1231 4203 de
1257 4169 1305 4222 pro
1331 4155 1392 4206 notis

269 4225 417 4278 iubebitur.
443 4228 474 4278 V.
493 4224 632 4277 Praefatio.
763 4223 839 4293 ‘un
859 4225 935 4278 GHa.
973 4225 1038 4294 quiri
1055 4227 1079 4276 h.
1117 4244 1168 4296 quo
1186 4225 1216 4276 F.
1261 4226 1316 4279 Sed
1334 4225 1389 4279 iilud

269 4298 435 4352 verissimum.
472 4298 511 4348 De
530 4295 578 4350 hoc
596 4295 708 4350 nbistivo
727 4297 913 4350 instrumenteii
937 4298 1033 4352 dictum
1055 4313 1111 4352 nnn.
1131 4297 1163 4350 sd
1183 4297 1214 4362 V,
1230 4300 1273 4348 ²1.
