2864 4814
438 219 474 320 9.
507 235 581 306 180
601 263 647 278 -
669 235 756 306 184·
1113 223 1162 296 71

44 415 192 486 maiorem
217 435 399 484 numerum
425 433 496 481 non
521 411 559 480 io
579 433 661 482 arca
685 410 875 507 ponebant,
904 411 965 482 sed
990 414 1027 481 in
1049 411 1165 509 aliqua

45 515 120 588 cella
152 512 344 610 stipabant,
387 509 424 582 id
456 520 509 582 est
540 511 812 608 componebant,
854 539 924 611 quo
952 513 1067 585 minus
1096 515 1165 586 loci

46 625 245 714 occuparet,
272 613 316 686 ab
340 610 499 711 stipando
516 613 639 709 stipem
659 612 773 687 dicere
792 628 991 713 coeperunt.
1047 617 1218 715 Stipsm

45 717 81 788 ab
105 715 239 810 erorssri
264 717 428 807 fortasse,
457 711 595 786 Graeco
619 713 740 787 verbo.
765 716 838 814 (ld
864 709 1027 815 apparet,
1055 719 1164 816 qarod,
1180 711 1222 722 '-

45 829 78 890 ut
98 831 168 891 tum
192 819 410 908 institutum,
426 817 540 907 ‚etiam
562 841 656 916 nunc
680 816 746 888 diis
771 842 852 888 cum
878 819 1049 894 thesauris
1075 847 1167 898 asses
1257 831 1265 841 '

47 920 141 1013 dant,
178 922 301 1020 stipem
327 917 468 1010 dicunt,
498 926 538 1010 et
559 920 619 1013 qui
644 919 825 1016 pecuniam
848 919 985 1020 alligat,
1024 925 1167 1021 stipu-

45 1022 125 1093 lari
149 1032 183 1094 ct
207 1019 498 1117 restipulari.
552 1018 677 1092 Militis
703 1021 926 1118 stipendia
951 1023 1049 1114 ideo,
1074 1027 1168 1123 quod

47 1149 111 1194 cam
134 1126 256 1223 stipem
279 1119 499 1222 pendebapt3
534 1119 578 1192 ab
603 1147 645 1194 eo
671 1123 774 1193 etiam
800 1121 939 1194 Ennius
964 1126 1104 1208 scribit:

145 1257 267 1326 Poeni
302 1254 491 1348 stipendio
524 1254 703 1346 pendunt.

49 1377 130 1452 185.
166 1377 228 1452 Ab
254 1379 374 1452 eodem
399 1405 477 1451 aere
502 1377 685 1477 pendendo
720 1376 1035 1478 dispensator,
1074 1397 1108 1458 et
1132 1353 1246 1473 inme)

38 1481 162 1554 'tabulis
193 1480 379 1554 scribimus
405 1507 675 1578 expensum,
714 1490 749 1552 et
772 1481 853 1552 iude
877 1485 987 1579 prima
1012 1490 1170 1580 pensio
1229 1487 1232 1496 ’

46 1595 72 1655 et
100 1587 151 1655 sic
182 1583 336 1656 secunda
369 1593 430 1654 aut
461 1607 551 1679 quae
582 1581 672 1675 alia,
712 1593 747 1653 et
781 1581 1061 1680 dispendium
1094 1587 1232 1664 idcoraa

47 1684 131 1781 quod
152 1688 191 1756 in
215 1684 450 1782 disperdendo
473 1683 561 1756 solet
582 1687 697 1755 minus
718 1682 814 1778 ficri,
857 1688 1169 1784 compendium,
1183 1680 1227 1692 '—

47 1786 131 1883 quod
168 1811 275 1882 quom
309 1785 549 1884 compenditur
580 1809 649 1856 una
675 1783 736 1878 fit,
768 1811 883 1882 aquo
908 1814 1035 1881 usura,
1077 1792 1171 1888 quod

47 1890 75 1958 iu
105 1900 199 1960 sorte
234 1887 441 1980 accedebat,
487 1887 764 1985 impendium
805 1887 1039 1986 appellatum,
1083 1917 1172 1988 quae

47 2015 140 2086 quom
163 1989 343 2062 accederet
362 1989 408 2061 ad
434 2001 578 2080 sortem,
609 2015 676 2059 usu
701 2015 839 2060 usura
865 1990 979 2083 dicta,
1007 2003 1053 2064 ut·
1072 2021 1173 2066 sors

48 2091 130 2186 quod
154 2118 256 2162 suum
278 2090 319 2163 lit
340 2095 455 2164 sorte.
498 2090 571 2162 Per
591 2091 754 2161 trutinam
776 2090 864 2162 solvi
888 2091 1040 2187 solitum,
1069 2099 1172 2170 vcsti-

49 2195 132 2288 gium
167 2195 272 2266 etiam
315 2218 409 2263 nuuc
446 2201 563 2263 manet
597 2193 635 2260 in
670 2191 754 2264 aede
787 2191 958 2285 Saturni,
1004 2197 1098 2292 quod
1134 2225 1174 2269 ea

50 2297 140 2366 etiam
165 2320 259 2366 nunc
291 2304 433 2392 propter
461 2314 648 2390 pensuram
679 2295 844 2365 trutinam
873 2293 979 2366 habet
1010 2299 1170 2394 positam.

49 2391 100 2468 Ab
124 2421 202 2470 aere
233 2398 460 2468 aerarium
485 2392 707 2492 appellatum.

152 2530 247 2605 lssd.
286 2528 348 2603 Ad
381 2528 572 2623 vocabula,
611 2555 700 2628 quae
731 2531 915 2629 pertinere·
938 2557 1058 2604 sumus
1090 2537 1168 2627 rati,
1183 2540 1237 2615 57

50 2658 190 2734 eaquae
215 2633 295 2706 loca
324 2644 358 2705 et
383 2657 544 2730 eaquae
576 2634 613 2703 in
644 2631 731 2705 locis
765 2642 868 2724 suat,
907 2635 988 2704 satis
1022 2633 1172 2710 arbitror

52 2734 152 2828 dicta,
182 2737 278 2836 quod
304 2761 416 2834 neque
442 2761 564 2832 parum
590 2733 700 2806 multa
726 2747 807 2806 sunt
832 2746 971 2832 aperta,
1007 2762 1120 2835 neque
1145 2741 1175 2812 si

52 2839 185 2936 amplius
212 2837 359 2909 velimus
383 2837 545 2909 volumen
571 2839 731 2935 patietur.
786 2835 905 2927 Quare
927 2837 963 2907 in
988 2865 1172 2935 proxumo,

51 2942 141 3010 utin
173 2941 289 3040 primo
322 2937 414 3013 libro
448 2937 540 3032 dixi,
577 2938 671 3038 quod
705 2937 860 3037 sequitur
893 2937 935 3010 de
964 2942 1174 3037 temporibus

53 3037 166 3114 dicam.

52 3242 154 3311 stipa]b.
175 3249 297 3314 idemque
315 3249 461 3300 coniecerat
478 3247 642 3316 Spengelius.
678 3243 752 3312 stipa
770 3243 844 3297 codd.
869 3249 898 3296 ut
915 3259 957 3310 vg.
1073 3245 1175 3316 στοιβή]

52 3314 181 3369 STOEBE
197 3319 230 3372 F.
268 3319 340 3372 GH.
377 3337 424 3372 στο
443 3337 467 3370 a.
493 3320 585 3370 lacuna
602 3319 627 3369 iu
646 3317 693 3368 G..
708 3331 757 3366 om.
771 3315 797 3368 b.
911 3314 1012 3368 Militis
1030 3317 1175 3385 stipendio]

55 3384 186 3456 Scioppius.
224 3389 322 3442 milites
340 3389 467 3457 stipendii
480 3388 559 3442 codd.
595 3387 694 3440 milites
714 3383 883 3455 stipendiarii
903 3403 943 3452 vg.
1058 3390 1175 3456 Ennius]

55 3452 129 3512 Locus
146 3478 161 3513 a
178 3463 211 3517 P.
231 3463 334 3514 Merula
351 3461 428 3514 Ennii
449 3461 589 3514 Annalibus
607 3461 624 3512 l.
639 3459 704 3524 Vll,
722 3475 746 3510 v.
762 3463 805 3510 16.
819 3457 858 3528 (p.
868 3461 911 3510 92.
929 3457 970 3510 ed.
980 3454 1012 3510 Ε.
1022 3457 1066 3526 S.)
1080 3460 1174 3514 illatus.
1288 3517 1290 3524 ,

63 3645 69 3650 ,
154 3569 228 3636 183.
253 3583 386 3650 inde]Ha.
414 3589 443 3636 ut
461 3583 578 3649 videtur,
603 3584 669 3637 sicut
687 3599 731 3649 vg.
767 3583 796 3632 in
814 3582 870 3634 FG.
900 3597 949 3634 om.
969 3583 993 3633 b.
1109 3603 1177 3636 com-

53 3653 178 3724 penditur]
192 3675 235 3724 vg.
256 3664 283 3708 et
296 3655 407 3707 fortasse
423 3655 448 3708 b.
486 3655 672 3724 comperdatur
689 3655 764 3706 codd.
879 3654 943 3716 urii]
962 3652 1062 3708 Aldina.
1099 3675 1178 3708 usum

57 3724 121 3777 codd.
155 3747 187 3778 ex
207 3745 258 3779 usu
277 3743 319 3793 vg.
451 3744 519 3796 quoe
538 3745 616 3796 quom
634 3725 781 3789 accederet]
800 3728 840 3776 An
857 3722 982 3778 fortasse:
1014 3743 1083 3793 quae
1100 3747 1178 3798 quom

57 3809 109 3846 nou
126 3798 281 3850 accederet?
316 3796 371 3850 Sed
389 3802 459 3849 totus
476 3797 517 3850 bic
534 3799 607 3849 locus
624 3796 707 3849 adbuc
726 3802 766 3848 est
783 3795 923 3846 obscurior.
996 3796 1078 3847 etiam
1096 3799 1178 3865 nunc]

59 3878 92 3930 vg.
124 3868 177 3920 iam
195 3889 267 3922 nunc
285 3868 376 3931 codd.;
401 3861 450 3920 sed
465 3878 492 3918 et
511 3868 607 3922 addunt
625 3875 684 3936 post
702 3885 774 3918 arurae
793 3866 888 3918 GHab.

158 3978 229 4044 184·
254 3985 534 4054 arcitenentum.
572 3993 603 4037 ut
622 3983 713 4036 videor
729 3981 790 4034 GH.
828 3991 860 4032 ut
879 3980 994 4036 arbitror
1012 3983 1052 4036 ab.

334 4223 794 4253 ‚M
