2866 4812
435 215 439 222 v

461 225 498 326 §-
529 241 581 313 ee
601 263 651 284 ·-
672 245 735 316 87·

143 411 208 485 86.
250 409 361 510 Apud
385 387 570 486 Plautum:

152 528 192 597 Si
217 551 332 596 unum
356 529 542 622 epityrum
566 545 667 600 estur
694 534 824 601 insane
849 528 960 612 bene3

51 657 264 754 epityrum
292 656 500 729 vocabulum
523 669 574 730 est
605 658 673 731 cibi
708 686 777 756 quo
808 659 1022 758 frequentius
1047 658 1231 754 Sicilinpog

49 781 142 850 quam
162 757 264 830 ltalia
284 785 359 831 usa.
408 760 452 830 ld
469 759 540 832 edi*
563 759 783 834 vehementer
796 787 901 859 quom
917 761 1021 833 vellet
1038 761 1165 854 dicere,

51 857 125 929 dicit
152 860 331 954 insane,
369 861 462 959 qnod
491 864 604 935 iitsani
636 863 769 935 faciunt
794 867 908 936 omnin
933 862 1164 938 vehementer.

139 1013 206 1088 87.
249 1015 359 1118 Apud
384 1020 601 1093 Pacuvium:

151 1141 373 1310 glexonimo
387 1156 564 1236 tanquam
579 1143 773 1238 lp‘mplrntn
787 1143 873 1214 *aul
889 1132 1032 1223 Bacchi
1049 1149 1168 1226 oecrie

187 1246 366 1312 ommotn*
376 1275 387 1334 ,·

47 1357 291 1456 lymphata*
325 1359 417 1432 dicta
451 1387 472 1432 a
500 1359 667 1459 lympha3
712 1361 914 1462 lympha*
948 1385 968 1433 a
999 1329 1165 1464 nympha,

47 1471 97 1550 ut,
129 1463 225 1560 quod
250 1460 343 1561 apud
368 1461 524 1538 Graecos
550 1463 676 1551 Θέτις,
700 1464 793 1562 apud
821 1465 997 1538 Ennium:

156 1587 305 1656 Thetis*
329 1587 384 1655 illi
408 1599 536 1655 nsoter.

44 1701 80 1770 ln
113 1700 262 1775 Graecia
296 1716 465 1778 commota
501 1719 615 1779 mente
650 1733 739 1806 quos
772 1707 1230 1810 nympholemptosffl

45 1803 227 1900 appellant,
250 1805 294 1878 ab
315 1833 356 1881 eo
377 1807 620 1906 lymphatos
643 1810 803 1884 dixerunt
821 1813 942 1885 nostri.
982 1808 1164 1881 Bacchi:

44 2049 210 2192 psl’ipluoffegla]
225 2025 275 2122 vg,
303 2057 375 2112 olins
394 2059 555 2131 aliquotiens
573 2061 648 2116 codd.
798 2061 905 2129 Livius]
922 2059 1007 2114 Bothe
1024 2061 1056 2114 Ρ.
1074 2029 1118 2113 sc.
1135 2061 1167 2114 L.

147 2241 201 2306 86.
225 2254 368 2322 Plautum]
390 2258 447 2310 Mil.
464 2261 529 2326 glor·
543 2261 572 2325 l,
586 2266 617 2325 1,
630 2264 673 2312 24.
694 2261 797 2314 -Qnem
814 2273 917 2312 versum
935 2273 968 2310 ex
984 2257 1070 2310 Plauti
1094 2259 1166 2310 libris

44 2324 76 2375 111
93 2329 225 2380 constituit
242 2327 446 2381 Lindemannus:
478 2330 516 2380 Ni
541 2349 624 2392 unum
647 2330 781 2398 epityrum
806 2329 882 2397 apud
903 2328 980 2378 illum
997 2327 1108 2378 esuriem
1125 2328 1167 2378 in-

45 2412 102 2446 sane
119 2397 190 2451 bene.
304 2400 391 2462 estur]
410 2408 500 2450 eetuer
512 2402 586 2452 codd.
605 2402 653 2452 nisi
671 2401 740 2466 quod
758 2409 866 2450 aeslner
878 2400 939 2451 GH.
974 2398 1041 2449 llud
1059 2413 1093 2450 ex
1110 2400 1167 2451 cod.

44 2465 71 2516 B.
94 2475 119 2520 et
137 2472 179 2522 cd.
198 2470 279 2537 princ.
303 2470 415 2536 positum
437 2477 492 2535 est3
522 2479 549 2524 et
572 2472 740 2535 crediderim,
764 2471 829 2522 hanc
853 2470 907 2524 sive
931 2469 1040 2520 similem
1064 2469 1170 2521 sormam

43 2537 113 2591 etiem
130 2543 227 2593 Plauto
244 2539 398 2592 reddendam
417 2556 481 2592 esse.
600 2543 746 2612 epityrum]
759 2559 801 2608 vg.
838 2541 945 2609 epylira
962 2540 1036 2590 Fer.
1072 2540 1171 2606 epilira

43 2607 73 2659 Η.
107 2611 224 2680 epirbira
241 2611 266 2662 b.
303 2611 370 2663 illud
388 2627 421 2664 ex
438 2613 533 2665 Plauto
551 2620 696 2682 sumptum,
713 2615 760 2666 sed
777 2613 917 2666 notandum
935 2619 1034 2675 tamen,
1051 2612 1128 2664 etiam
1145 2612 1171 2662 in

43 2679 120 2733 Plauti
150 2683 300 2736 melioribus
322 2683 393 2734 libris
416 2683 524 2752 epityra
547 2686 633 2754 potins
658 2693 748 2738 extare
765 2701 849 2756 quam*
859 2685 1001 2752 epityrum.
1048 2681 1115 2735 Nam
1133 2683 1171 2735 sic

43 2749 175 2808 camerarii
207 2757 273 2807 alter
301 2753 400 2806 codex:
428 2755 466 2806 Ni
493 2773 577 2808 unum
600 2766 700 2828 epytyr
723 2766 774 2808 ant
796 2755 872 2826 apud
897 2755 948 2806 illa
972 2754 1178 2808 enslurier'zsane.

45 2817 107 2875 bene.
223 2825 289 2893 edi]
307 2825 374 2877 coni.
392 2824 486 2878 addidi.

148 2949 202 3014 87.
232 2961 397 3028 Pacuvium]
423 2961 505 3016 Iidem
526 2979 615 3016 versus
642 2965 771 3032 pleniores
796 2969 886 3018 extem
908 2963 977 3032 apud
999 2964 1117 3015 Ciceron.
1136 2963 1169 3014 de

44 3029 111 3084 divin.
121 3034 143 3100 Ι,
162 3039 207 3100 ³6,
225 3038 268 3085 80.
327 3035 430 3088 Teucro
447 3035 597 3102 tragoediae
614 3036 807 3099 adscribuntur,
825 3052 876 3088 non
894 3042 998 3086 temere.
1036 3031 1121 3086 Botbd
1137 3035 1168 3085 P.

43 3103 80 3154 Sc.
96 3106 126 3156 L.
139 3107 173 3172 V,
189 3105 211 3157 l.
230 3123 255 3174 p.
267 3107 327 3157 143.
432 3105 584 3174 flexanimo
602 3109 744 3178 tanquam]
755 3124 797 3173 vg.
826 3104 991 3174 flexanimal
1006 3104 1171 3174 (flexanima

42 3189 63 3225 a.
87 3177 233 3242 flexerant
249 3175 291 3243 b.)
310 3194 409 3246 aquam
428 3175 518 3248 (aqua
532 3178 570 3245 a.)
589 3177 664 3230 codd.
820 3175 886 3228 *aut
903 3217 910 3230 .
930 3216 937 3229 .
957 3217 963 3228 .
983 3216 990 3230 .
1011 3173 1169 3242 Commoln*]

41 3242 108 3299 Haec
129 3265 163 3302 ex
181 3248 307 3301 Cicerone
332 3246 449 3300 addenda
474 3265 531 3302 esse
549 3249 614 3302 vidit
630 3251 681 3302 iem
699 3249 844 3302 Tumcbns.
886 3249 916 3302 ln
938 3248 1013 3302 codd.
1036 3264 1086 3300 una
1111 3265 1177 3301 cum

42 3321 150 3383 sequenti
169 3336 195 3372 v.
215 3319 369 3388 lymphata*
388 3318 548 3373 exciderunt.
672 3317 805 3390 lymplru']
825 3321 902 3376 etiam
920 3319 969 3374 boo
986 3337 1011 3373 v.
1031 3319 1127 3371 excidit
1145 3319 1170 3370 in

42 3389 126 3454 codd.;
150 3390 251 3444 addidit
267 3392 429 3459 Spengelius.
521 3389 635 3456 Tbelis']
649 3395 715 3446 coni.
727 3393 872 3444 Turnebus.
904 3392 996 3444 Thetis
1014 3391 1089 3443 codd,
1116 3390 1172 3442 Sed

41 3455 111 3514 Ennii
128 3479 232 3515 versum
248 3461 403 3532 lurcproptcr
420 3469 520 3516 tantum
537 3463 646 3529 adduci,
670 3470 699 3516 ut
715 3463 807 3516 Thetis
826 3465 972 3532 exemplum
990 3469 1060 3516 esset
1076 3461 1171 3513 Nerei-

42 3529 84 3582 dos
101 3533 242 3602 nymphae,
265 3534 452 3588 subabsurdum
470 3535 545 3587 loret.
582 3535 678 3588 Contra
697 3541 798 3604 poterat
819 3534 923 3599 Thelia,
947 3550 1024 3600 quam
1042 3533 1170 3598 antiquio-

41 3615 79 3652 res
95 3621 142 3671 pro
160 3604 423 3670 Thetidedixerunt,
452 3606 567 3659 adbiberi
584 3612 614 3657 ut
632 3609 778 3676 exemplum
796 3606 819 3658 L
837 3608 927 3658 literae
945 3605 1096 3657 aRomenis
1114 3603 1171 3654 aliis
1279 3627 1283 3631 ·

41 3671 116 3726 literis
138 3677 302 3728 substitutae.
339 3677 464 3730 Similiter
480 3678 577 3730 lacmm
594 3694 609 3729 a
627 3681 743 3732 Varrone
762 3679 794 3730 de
811 3677 846 3729 R.
858 3677 893 3728 R.
910 3675 963 3740 111,
982 3680 1079 3739 9,1e.:
1100 3674 1172 3742 quod

43 3745 143 3816 cnliqni
169 3757 201 3797 ul
228 3747 326 3802 Thetin
352 3746 453 3798 Thetim
481 3747 617 3802 dicebaut,
658 3751 697 3800 sic
722 3749 855 3800 Medicam
880 3746 1006 3800 Melicum
1030 3743 1171 3797 vocabunt.

42 3810 112 3868 Ennii
131 3819 223 3885 fragm.
240 3837 266 3888 p.
278 3823 340 3870 219.
354 3817 430 3872 Hess.
444 3819 529 3872 Rothe
539 3821 570 3873 P.
580 3821 623 3874 Sc.
633 3822 665 3874 L.
676 3823 708 3884 V,
718 3821 739 3873 I.
752 3837 776 3888 p.
785 3823 828 3872 18.
932 3815 1170 3885 nympbolemptos]

41 3889 133 3954 scripsi.
170 3889 388 3958 lymplrolemptos
405 3891 436 3942 F.
477 3890 676 3960 lymplrolentus
694 3892 756 3943 GH.
791 3889 975 3957 limpdolenloe
994 3890 1034 3941 ab.
1071 3889 1170 3948 lernou-

42 3952 150 4024 lp'nconc
169 3962 315 4026 Victorius,
343 3959 390 4012 scd
415 3962 575 4014 Graecarum
599 3963 730 4015 literarum
755 3963 852 4014 nullum
879 3964 905 4013 in
931 3961 1005 4012 codd.
1024 3961 1170 4024 vestigium,

41 4033 112 4094 atque
130 4031 260 4099 lympham
275 4033 312 4082 sic
330 4048 345 4082 a
360 4033 469 4084 Graccis
487 4033 582 4084 dictam
600 4049 665 4097 esse,
684 4035 805 4086 Varronis
823 4033 902 4085 menti
920 4037 1055 4100 repugnat.
1078 4031 1171 4096 Neque

41 4103 194 4166 repudianda
218 4108 274 4155 crat
299 4119 323 4154 m
351 4104 426 4154 litere
449 4105 475 4154 in
497 4103 733 4172 nympbolemptos,
766 4105 856 4156 bansta
880 4105 924 4156 illa
945 4119 979 4154 ex
997 4102 1171 4155 Alexandrina

44 4170 200 4237 Graecitate‚
225 4176 298 4226 cuius
316 4174 395 4226 luisse
415 4173 531 4241 λημπτός
556 4177 744 4244 aliquodue,
769 4192 837 4228 nunc
854 4182 881 4227 el
897 4177 964 4226 tituli
984 4175 1126 4227 docuerunt
1144 4177 1170 4221 11
1229 4211 1235 4238 ,

42 4239 102 4292 libri.
252 4245 389 4310 dixerunt]
406 4261 456 4297 om.
475 4247 517 4309 b.‚
543 4247 611 4314 qnod
631 4248 724 4317 probat
742 4248 897 4316 Spengelius
915 4265 938 4315 p.
951 4247 1021 4299 xlv.
1078 4245 1117 4294 Cf·
1137 4242 1169 4292 nd

43 4308 99 4363 111.
125 4315 305 4371 Doederlinius
332 4315 418 4382 etym.
442 4324 469 4371 et
494 4319 642 4384 8111111..
667 4321 695 4372 Ι..
717 4319 748 4373 V.
771 4321 803 4374 11.
823 4337 847 4387 p.
860 4323 902 4372 15.
921 4324 1009 4373 costra
1029 4319 1169 4371 Varronem
