2890 4820
252 259 365 316 XXXVI
670 265 947 314 PRAEFATIO

250 429 414 509 inhaeret,
453 424 634 495 evellendus
663 425 741 508 erit,
780 447 835 492 eas
865 424 1023 503 rationes,
1061 447 1143 514 quae
1170 425 1201 489 in
1230 423 1379 491 Varronis

250 515 335 583 libris
354 513 575 616 manuscriptis
594 503 968 591 observantui,easdem
991 533 1079 589 esse,
1101 523 1198 600 atque
1214 509 1380 575 formulam

251 599 411 668 scribendi
444 601 485 664 ab
519 622 589 686 ipso
623 599 768 663 Varrone
801 597 978 684 probatam.
1045 596 1131 670 Quid
1161 595 1248 684 quod
1285 596 1380 662 etiam

249 686 395 752 meliores
424 682 552 750 codices
579 683 677 749 nostri
703 707 742 750 eo
765 703 867 770 usque
888 684 929 746 ab
952 682 1002 748 illa
1021 683 1145 748 ratione
1168 681 1380 756 desciverunt,

248 783 285 838 ut
312 769 478 836 nonnullae
506 770 573 834 eius
600 769 723 834 formae
749 767 870 834 nonnisi
897 768 928 831 in
955 767 1072 834 vitiosis
1098 768 1194 847 locis,
1227 766 1381 854 quiquid

248 857 467 944 significarent
495 854 614 920 librarii
640 876 703 920 non
731 853 964 933 intellexerant,
998 853 1245 921 emendatricem
1269 874 1381 917 eorum

242 965 375 1014 ,manum
405 942 553 1028 effugere
581 951 614 1007 et
644 939 733 1028 quasi
765 938 954 1006 delitescere
985 941 1153 1026 potuerint.
1213 939 1288 1016 Sic,
1326 938 1379 1001 ubi

248 1029 351 1093 Varro
381 1027 429 1090 iei
458 1023 599 1113 scripsit,
632 1024 779 1106 codIces,
805 1045 869 1090 uno
890 1023 930 1090 F.
951 1036 1103 1111 excepto,
1132 1026 1250 1091 habere
1278 1022 1380 1089 solent

246 1113 295 1178 lei
316 1111 366 1200 (r.-
385 1111 434 1192 X,
454 1113 482 1178 1.
501 1114 531 1177 2.
550 1113 584 1176 5,
599 1109 688 1194 35.);
717 1110 833 1198 Argei
853 1107 975 1176 delituit
993 1110 1024 1174 in
1045 1112 1088 1178 H.
1110 1111 1174 1190 IX,
1191 1112 1262 1187 89,
1290 1109 1380 1174 nimi-

246 1219 318 1265 rum
336 1196 422 1284 quod
441 1197 483 1262 de
498 1197 592 1282 Argis
611 1198 691 1262 urbe
712 1195 775 1262 dici
799 1217 862 1261 non
878 1194 1132 1282 intelligebatur3
1162 1195 1251 1262 simili
1270 1215 1380 1258 errore

246 1284 387 1361 1Χ,28.
418 1281 579 1346 hinnulei
611 1291 769 1348 servatum
802 1292 871 1361 est;
911 1278 1127 1367 infeineiteis
1156 1305 1175 1348 a
1205 1279 1379 1380 Spengelio

246 1369 342 1448 VIII,
365 1370 417 1435 50
446 1390 486 1432 ex
516 1367 754 1453 corruptissima
782 1366 930 1431 codicum
960 1365 1133 1454 scriptura:
1164 1367 1203 1430 in
1226 1363 1319 1452 rofei
1341 1366 1379 1428 in

153 1499 162 1506 -
244 1454 279 1518 ei
301 1454 385 1529 teis,
412 1449 545 1517 feliciter
564 1451 764 1520 enucleatum
784 1461 842 1518 est.
879 1449 932 1517 Os.
950 1453 1045 1524 etiam
1068 1453 1106 1528 V,
1122 1451 1172 1518 33.
1216 1451 1260 1518 Et
1278 1473 1379 1538 qnan-

245 1561 342 1625 quam
363 1537 457 1613 VIII,
480 1537 531 1601 36.
559 1535 734 1602 Terentiei
756 1548 789 1603 et
815 1535 1008 1602 Terentieis
1035 1547 1068 1606 et
1090 1537 1139 1618 X,
1160 1539 1213 1602 50.
1233 1535 1380 1602 Boebiei

246 1637 280 1690 et
306 1621 469 1689 Baebieis
500 1621 532 1686 in
563 1621 602 1688 F.
632 1633 665 1688 et
682 1621 761 1702 ¹aliis
793 1620 957 1686 codicibus
987 1634 1145 1690 servatum
1180 1634 1245 1688 est:
1281 1620 1378 1686 iidem

245 1721 352 1774 tamen
380 1706 445 1785 IX,
467 1707 518 1772 80.
546 1706 691 1793 cupressi
718 1718 752 1774 et
779 1707 832 1772 fici
864 1706 959 1772 scribi
987 1707 1112 1774 solitum
1142 1731 1214 1774 esse
1244 1729 1303 1796 per
1330 1706 1379 1772 El

246 1793 366 1860 diserte
393 1801 569 1870 testantur,
600 1791 761 1894 iidemque
781 1790 981 1856 nihilominus
1002 1795 1144 1861 scribunt
1169 1791 1325 1880 cupressi
1346 1804 1378 1857 et

235 1874 316 1962 fici.
372 1877 634 1950 Quaeconserri
662 1877 752 1944 velum
781 1899 854 1942 cum
882 1877 1046 1964 Spengelii
1073 1878 1185 1945 Praei.
1214 1901 1244 1965 p.
1258 1875 1377 1943 LXIV.

244 1963 347 2030 LXV.
397 1962 492 2028 Nunc
519 1963 545 2030 si
572 1963 658 2050 quis,
687 1962 855 2113 Aepustini
878 1965 1056 2048 exemplum
1078 1967 1234 2052 probans,
1264 1962 1296 2026 in
1319 1983 1376 2027 no-

243 2049 394 2114 minativo
422 2047 626 2116 multitudinis
655 2050 739 2114 omni
764 2071 801 2114 us
829 2048 989 2116 vocabulis
1013 2049 1076 2118 hoc
1102 2051 1150 2116 ul
1177 2045 1377 2117 reddendum

244 2156 316 2200 esse
337 2132 510 2210 existimet,
533 2133 620 2200 hunc
641 2145 677 2201 ut
697 2133 842 2201 advertat
862 2155 899 2198 ro
927 2157 964 2214 o,
987 2135 1019 2201 in
1040 2136 1115 2223 lege
1136 2135 1179 2201 de
1197 2135 1376 2201 Thermen-

243 2219 347 2298 sibus,
377 2219 529 2286 Varronis
557 2229 664 2285 aetate
689 2218 824 2306 scripta,
859 2155 984 2286 eciem
1001 2243 1079 2286 casu
1101 2230 1133 2288 et
1157 2241 1290 2287 numero
1310 2219 1375 2306 legi

242 2303 400 2372 curcul
426 2315 463 2371 et
483 2301 689 2386 uuluuu13
722 2304 849 2393 etquis
877 2306 967 2372 nobis
994 2305 1169 2384 adinrabit,
1199 2307 1376 2375 Varronem

244 2391 492 2475 constantiorem
513 2389 635 2458 fuisset
679 2389 891 2458 Consuetudo
913 2391 995 2458 enirn
1019 2391 1185 2481 loquendi,
1215 2403 1250 2458 ut
1271 2392 1376 2456 Varro

243 2477 404 2544 verissime
432 2485 558 2556 monet,
589 2487 642 2542 est
668 2476 700 2542 in
729 2487 836 2556 motu,
869 2487 903 2543 et
930 2477 1060 2564 antiqua
1089 2478 1207 2558 forma,
1241 2498 1315 2543 cum
1342 2479 1375 2542 in

244 2561 432 2649 quibusdam
454 2561 613 2628 vocabulis
636 2561 700 2626 iam
722 2561 893 2641 obsolevit,
921 2563 952 2628 io
974 2563 1040 2630 aliis
1063 2564 1223 2630 etiannum
1244 2562 1374 2628 retineri

243 2653 357 2734 potest.
408 2645 550 2713 Alterum
570 2645 816 2729 documentum,
849 2669 912 2734 quo
935 2647 1083 2716 codicum
1103 2648 1200 2715 fidem
1223 2647 1255 2713 in
1276 2670 1316 2713 ea
1337 2671 1374 2715 re

242 2731 412 2798 aestimare
447 2731 588 2818 possis,¹
642 2733 753 2798 raebet
784 2731 928 2798 vocabuli
968 2757 1064 2800 usus
1097 2737 1237 2822 patricus
1267 2756 1372 2814 casus,

241 2815 342 2882 nonis
371 2816 453 2902 (qua
479 2815 583 2884 forma
634 2839 779 2884 arronem
807 2817 840 2882 in
867 2818 1010 2886 omnibus
1033 2820 1186 2886 eiusmodi
1212 2819 1372 2886 vocabulis

242 2923 334 2969 usum
353 2923 442 2981 esse,
471 2900 567 2969 docet
588 2902 707 2970 Gellius
728 2903 769 2969 N.
790 2904 826 2968 Α.
846 2901 903 2984 IV,
926 2905 1013 2986 16),
1035 2917 1176 2972 servatus
1196 2916 1317 2973 tantum
1338 2907 1372 2972 in

241 2997 392 3052 naturae
413 2997 447 3052 et
469 2989 542 3052 anis
564 2986 647 3074 (III,
669 2989 719 3073 4.)
741 2998 774 3056 et
793 2987 875 3052 usui
896 2991 1024 3072 speeies
1044 2992 1111 3079 (X,
1129 2991 1221 3076 76),
1246 3013 1372 3078 semper
1434 3045 1435 3070 ,

242 3081 348 3136 antem
371 3083 509 3138 mutatus
537 3075 700 3155 inuans,
730 3074 794 3139 ubi·
807 3072 941 3154 librarii,
973 3076 1049 3161 quid
1076 3077 1103 3142 si
1130 3079 1291 3154 nificaret,
1322 3078 1371 3142 in·
1434 3117 1435 3124 κ

240 3155 435 3240 telligebant.
480 3158 627 3225 Similiter
648 3159 783 3224 eneruis
805 3171 989 3247 corruptum
1011 3173 1080 3228 erat
1100 3097 1148 3241 lgl,
1170 3165 1221 3245 62.
1264 3162 1371 3228 Etiam
1434 3231 1435 3238 ,

241 3241 400 3310 elisionem
430 3242 545 3308 vocalis
576 3243 607 3307 in
640 3246 737 3310 verbo
770 3254 840 3324 est,
878 3267 973 3333 quam
1000 3247 1176 3322 Ciceronis,
1195 3247 1236 3314 de
1268 3249 1310 3314 R.
1331 3249 1371 3315 Ρ.
1434 3293 1435 3298 1

240 3327 345 3392 codex
366 3327 517 3406 servavit,
538 3329 674 3394 Varroni
693 3328 889 3396 reddendam
907 3354 998 3408 esse,
1018 3344 1193 3402 monstrant
1212 3333 1371 3422 quaedam
1434 3403 1435 3414 ,

240 3412 392 3498 vestigia,
430 3423 543 3478 utens
571 3412 633 3493 Vl,
652 3414 704 3478 31.
727 3412 815 3502 quod
842 3415 963 3482 facilins
993 3417 1024 3483 in
1054 3441 1091 3484 eo
1120 3422 1181 3499 'st,
1215 3441 1310 3507 qnam
1338 3421 1371 3484 in

238 3521 276 3562 eo
305 3509 358 3562 est
387 3507 545 3577 mutatum
581 3508 614 3564 et
641 3508 744 3582 opust
773 3499 861 3586 quod
886 3502 1052 3572 manifesto
1083 3505 1164 3570 inest
1193 3505 1372 3593 scripturae

237 3580 388 3648 librorum
408 3585 496 3665 VIII,
513 3585 562 3650 10.
584 3582 711 3662 cfsVII,
725 3583 778 3648 60.
821 3583 905 3650 Deni
927 3609 970 3652 ne
986 3589 1069 3667 siet,
1093 3590 1371 3677 quodVarronem

238 3678 275 3733 ut
304 3667 496 3736 Ciceronem
521 3691 619 3758 saepe
650 3667 816 3756 scripsisse
847 3611 1016 3753 credibile,
1055 3691 1214 3764 nunquam
1242 3677 1299 3742 nisi
1330 3700 1371 3742 ex
1434 3717 1435 3742 ;

238 3765 390 3839 corrupta
407 3752 543 3840 quadam
562 3757 666 3823 forma
684 3753 863 3823 restitutum
882 3768 939 3824 est.
982 3759 1020 3826 V.
1042 3759 1097 3842 VI,
1109 3763 1160 3829 86.
1181 3761 1239 3844 IX,
1256 3765 1308 3830 77.
1317 3765 1371 3829 81.
1434 3795 1435 3826 r

349 3922 386 3989 In
417 3923 483 3990 aliis
515 3927 611 3993 rebus
642 3925 794 3994 Varronis
825 3927 894 3993 libri
925 3928 1130 4015 manuscripti
1159 3929 1372 4018 antiquiorem

235 4009 370 4074 formam
392 4031 507 4096 saepe,
534 4011 591 4077 sed
614 4033 677 4076 non
700 4035 827 4102 semper
847 4027 1017 4102 praestant
1059 4017 1109 4082 Ita
1130 4012 1269 4102 plurimis
1290 4016 1372 4083 locis

234 4094 265 4160 in
293 4116 371 4160 casu
401 4095 575 4170 accusandi
598 4099 736 4182 parteis
765 4109 798 4166 et
823 4100 958 4186 portis,
994 4098 1143 4168 simileia
1167 4111 1201 4167 et
1229 4101 1373 4180 similis,

234 4177 392 4247 interdum
414 4183 506 4248 etiam
528 4182 560 4247 in
581 4183 770 4249 nominativo
794 4185 924 4248 omneis
944 4197 977 4252 et
997 4184 1109 4248 omnis
1130 4187 1285 4270 praebent
1307 4186 1373 4272 (de

234 4265 348 4352 quibus
393 4287 453 4331 uae
472 4278 585 4334 notare
603 4290 666 4332 non
686 4267 795 4336 inutile
815 4269 996 4349 videbatur,
1020 4269 1154 4335 indicavi
1172 4272 1203 4336 in
1221 4270 1372 4357 Indice);

173 4379 180 4383 ·
231 4349 337 4448 pnnltis
360 4289 427 4435 tiliis
449 4350 526 4422 locis
549 4375 607 4420 nos
628 4353 659 4418 in
682 4376 721 4420 ea
742 4353 845 4422 Icrma
868 4356 1066 4424 restituenda
1087 4355 1246 4426 deserunt.
1291 4359 1372 4426 Hac
