2866 4812
505 179 739 277 §.sa-9.
859 163 866 190 “
1116 151 1227 268 sss

57 368 210 464 possint.
326 363 367 436 6.
403 367 563 464 Populus
589 369 681 442 enim
705 368 742 441 in
767 393 834 442 suc
846 379 1041 466 potestate,
1067 370 1196 469 singuli
1244 402 1247 412 ·

55 472 92 540 in
124 468 247 561 itlius3
269 468 403 564 ¹iterque
433 481 473 542 ut
506 496 604 542 suam
639 471 785 567 quisque
819 472 1124 564 cousuetudinem,
1163 473 1256 568 step

54 569 150 643 mnia·
179 578 257 661 est,
298 571 471 668 corrigere
505 569 628 663 debet,
659 563 722 644 sic'
756 573 907 670 populns
941 598 1052 646 sunm.
1113 572 1195 672 Ego
1231 583 1233 594 ’

55 671 180 769 populi
206 671 466 746 consuetudinis
492 699 564 746 non
586 699 663 747 sum
684 685 723 748 ut
748 673 929 767 dominus,
957 686 993 746 et
1017 673 1077 746 iiie
1099 700 1196 748 meuc

54 785 118 846 est.
175 774 230 848 Ut
254 774 379 847 rationi
409 772 647 874 obtemperare
672 774 776 852 dehet
801 775 1034 876 gubernator,
1068 773 1195 875 guber·

53 877 170 950 natori
206 877 443 973 unusquisque
475 877 513 949 in
544 879 645 969 nevi,
683 878 736 949 sie
768 877 918 975 populus
950 880 1095 970 rationi,
1133 903 1229 950 nos.
1295 955 1297 968 ,

54 976 189 1076 singuli
224 977 368 1075 populo.
435 976 556 1068 Quare
594 978 639 1054 sd
671 1003 918 1075 quemcunque
954 1005 1125 1058 summurn
1159 981 1198 1050 in
1262 983 1268 996 '

55 1078 208 1152 dicendo
230 1078 401 1169 referem,
430 1082 461 1150 si
484 1081 758 1172 animadvertes,
784 1081 974 1180 intelliges,
1000 1094 1118 1172 utrum
1144 1079 1196 1152 di·
1256 1157 1265 1162 ,

57 1192 158 1254 eatur
178 1180 338 1279 analogia
360 1205 455 1272 esse,
480 1207 526 1252 an
546 1184 602 1253 uti.
617 1183 790 1278 *oportere
809 1209 871 1277 en3
898 1194 933 1254 et
954 1208 1060 1280 quom
1080 1184 1196 1280 posei-

54 1295 133 1374 tur,
169 1294 211 1354 ut
241 1309 324 1356 usus
357 1281 401 1353 ad
431 1280 468 1353 id
496 1283 611 1380 quod*
643 1295 821 1382 oporteret
853 1284 1089 1382 redigeretur,
1127 1283 1264 1358 dieirns‘

54 1383 91 1455 id
115 1386 154 1464 in
182 1384 353 1482 populum
379 1383 501 1477 aliter,
529 1411 572 1457 ec
586 1385 598 1412 *
613 1387 650 1456 in
675 1412 755 1458 cum
780 1388 841 1484 qui
866 1388 913 1459 sit
937 1388 974 1457 in
1000 1384 1143 1482 populo.
1253 1445 1254 1450 ,

159 1510 201 1582 7.
236 1513 342 1584 Nune
378 1515 446 1584 iem
471 1516 621 1610 primum
648 1514 761 1589 dicam
791 1541 855 1612 pro
888 1517 1051 1587 universe
1076 1512 1237 1586 sunio-2

53 1617 134 1714 gia,
174 1639 242 1684 erm
274 1639 344 1684 non
376 1613 482 1687 modo
506 1615 665 1688 videntur
694 1643 769 1689 esse
798 1615 1101 1715 reprehendenda,
1134 1615 1197 1687 sed
1268 1639 1272 1647 ·

54 1719 159 1788 etiem
183 1739 276 1812 quor
295 1717 332 1786 in
353 1741 421 1788 usu
442 1716 909 1816 qsrodcmmcdosequende.
963 1717 1130 1800 Secundo
1152 1717 1196 1788 dc

53 1815 206 1916 singulis
242 1817 464 1911 criminibus,
502 1815 630 1914 quibus
655 1818 760 1892 rebus
791 1822 947 1917 possint,
985 1845 1075 1917 qnae
1100 1819 1193 1890 dicte
1206 1848 1257 1916 Q

56 1931 139 1991 sunt
161 1929 304 2010 contra,
331 1919 438 2010 solvi,
463 1919 577 1992 dicam
597 1921 663 2010 ite,
691 1932 730 1992 ut
753 1924 943 2020 generatim
970 1919 1220 2017 comprobem*
1284 1975 1286 1980 Α

57 2022 136 2092 sium
161 2031 199 2092 ct
224 2045 265 2091 en
290 2044 378 2117 quine
399 2023 437 2092 iu
463 2023 579 2118 priore
604 2021 694 2094 libro
720 2034 803 2094 sunt
828 2024 940 2115 diets,
977 2035 1012 2095 et
1041 2049 1082 2094 eu
1108 2019 1197 2119 quse

58 2131 208 2219 possunt
230 2121 321 2213 dici,
356 2133 460 2219 atque
484 2123 558 2194 illie
583 2126 757 2220 praeterii.

126 2271 129 2276 ·
167 2239 211 2314 8.
263 2240 425 2314 Primum
460 2242 555 2338 quod
588 2245 708 2335 aiunt,
748 2246 810 2340 qui
844 2242 933 2316 bene
966 2243 1063 2340 loqui
1097 2241 1235 2332 velit,5
1320 2297 1323 2308 ,

61 2341 345 2418 consuetudinem
371 2345 471 2440 sequi
495 2353 675 2440 oportere,
709 2370 779 2416 non
805 2346 972 2416 rationem
1000 2343 1195 2432 similitudif

59 2474 164 2542 num,
201 2444 297 2542 quod
321 2445 468 2516 alterum
494 2446 523 2516 si
549 2444 731 2542 neglegat,
768 2448 842 2518 sine
869 2446 1056 2518 offensione
1082 2443 1197 2516 iucem

60 2575 129 2620 nou
157 2549 293 2646 possit,
335 2545 482 2618 aiterum
512 2547 543 2618 si
572 2557 756 2644 sequatur,
791 2547 886 2644 quod
912 2548 988 2619 sine
1010 2545 1197 2642 reprehen-

62 2652 155 2722 sione
183 2674 258 2721 non
286 2651 333 2721 sit
365 2649 541 2720 futurum:
583 2658 723 2743 errant3
757 2650 853 2746 quod
879 2651 939 2747 qni
963 2650 1000 2720 in
1021 2647 1198 2745 loquendo

62 2749 367 2840 consuetudinem,
401 2775 471 2847 qua
493 2760 629 2848 oportet
653 2753 725 2842 nti,
761 2755 936 2850 sequitur,
966 2750 1057 2822 *eam
1082 2750 1197 2847 sequi·

61 2853 130 2925 tur*
157 2880 231 2927 non
250 2851 507 2924 sine'rutione.
625 2849 667 2923 9.
703 2855 795 2928 Nem
817 2851 987 2927 voeabula
1012 2877 1053 2923 ue
1074 2851 1237 2942 verbmli

63 2973 157 3052 qnae*
176 2954 393 3028 declinamus
418 2951 575 3026 similiter
597 2973 639 3023 oe
672 2957 709 3027 in
735 2953 984 3036 consuetudine
1005 2977 1080 3024 esse
1100 2950 1259 3048 ride-§23

174 3143 206 3210 6.
235 3157 295 3223 noe]
309 3173 353 3224 vg.
389 3173 442 3208 non
454 3155 504 3224 (ηδ
519 3156 558 3224 ιι.)
573 3154 650 3208 codd.
753 3155 885 3222 'oportere
902 3173 953 3217 ια,-
971 3166 999 3208 et
1017 3173 1095 3227 quom
1111 3154 1200 3223 posci-

65 3235 110 3279 tur
123 3239 156 3280 ut
175 3248 245 3282 usuc
260 3228 298 3280 ad
315 3227 344 3278 id
359 3227 463 3298 quod']
481 3229 556 3282 Haec
569 3228 693 3280 similiare
707 3226 786 3280 rerba
803 3229 949 3282 necessaris
962 3234 1030 3293 sunt,
1048 3227 1200 3294 exciderunt

64 3305 246 3366 autemeam
269 3299 454 3354 librerii'risttt
479 3301 625 3352 aberrasset
650 3297 684 3349 ab
702 3306 825 3365 oportere
842 3297 876 3350 nd
895 3309 1037 3370 oporteret.
1073 3298 1114 3350 cf.
1133 3295 1200 3348 inire

65 3370 89 3432 §-
100 3375 126 3423 9.
242 3372 310 3440 αι’]
328 3372 381 3424 Hic
398 3372 538 3427 asteriscus
556 3373 642 3424 locum
658 3375 746 3434 notet,
764 3385 818 3438 quo.
833 3371 860 3423 in
874 3371 948 3424 codd.
967 3376 1027 3424 smrt
1042 3369 1122 3428 rerba
1138 3367 1200 3420 inde

68 3440 183 3496 ominibus
202 3442 271 3502 dici,
298 3459 365 3511 quae
382 3443 512 3510 quomodo
530 3441 555 3495 h.
570 3443 587 3495 Ι.
606 3447 676 3494 stare
694 3442 808 3510 possint,
836 3457 887 3494 nou
905 3443 1030 3514 intelligo.

174 3545 206 3610 7.
243 3577 296 3610 non
321 3554 410 3624 modo]
435 3577 488 3610 non
511 3557 610 3610 addunt
627 3557 662 3609 H.
690 3557 837 3628 Stephanus
863 3564 891 3611 et
914 3557 1075 3612 Perizonius.
1123 3554 1200 3608 Nune

68 3629 141 3684 etiam
155 3647 190 3683 en
205 3629 339 3682 Ciceronis
354 3630 458 3698 seriptis
472 3629 514 3682 hie
526 3643 589 3681 usus
604 3629 666 3680 sctis
682 3633 810 3683 stabilitus
819 3635 869 3683 est.
894 3629 927 3683 V.
938 3629 1017 3680 Beier
1031 3627 1064 3682 ud
1077 3625 1197 3679 Ciceron.

69 3697 98 3750 de
115 3701 183 3756 offic.
194 3703 215 3766 Ι,
229 3699 327 3754 emt.
347 3717 372 3768 p.
381 3703 441 3754 los.
472 3700 694 3764 Ct.inire§.14.
736 3743 739 3748 .
809 3701 887 3773 quor]
905 3717 977 3772 quur
994 3701 1029 3753 G.
1069 3715 1119 3750 cur
1134 3703 1197 3749 cett.

70 3772 292 3841 comprehendam]
310 3773 345 3826 H.
383 3771 604 3842 comprehendant
621 3771 694 3824 soa.
905 3807 907 3814 ›

176 3864 207 3930 8.
233 3877 574 3948 sinereprelreneionc1itis
594 3879 664 3946 quod
689 3879 823 3947 anteponit
844 3876 879 3932 Η.
912 3895 980 3934 non,
1004 3877 1032 3930 id
1049 3877 1198 3945 improben-

69 3945 124 4000 dum
136 3956 185 4003 est.
214 3949 281 4002 Nem
299 3966 332 4004 ex
349 3956 435 4002 mente
453 3951 634 4004 Crateteorum
652 3952 797 4018 analogium
815 3951 859 4017 qui
876 3949 1007 4017 sequitur,
1027 3964 1087 4002 eum
1105 3964 1199 4016 repre·

70 4015 211 4076 tensionem
231 4038 309 4090 ssepc
327 4023 459 4075 incurrere
477 4029 587 4090 oportet.
623 4023 657 4074 V.
676 4021 748 4088 vili,
763 4026 806 4074 33.
939 4021 1043 4088 errant]
1058 4037 1101 4086 vg.
1137 4027 1198 4070 erat

70 4089 140 4144 codd.
289 4090 360 4144 'eam
377 4093 526 4164 requiram]
544 4095 612 4146 eoni-
631 4093 725 4145 nddidi.
768 4091 840 4144 Idem
860 4090 913 4142 fere
932 4093 1013 4143 suasit
1030 4091 1196 4161 Spengeiius.

71 4157 144 4229 rine']
163 4161 214 4216 Hie
234 4163 445 4230 deiendumerat
462 4181 511 4236 ce,
535 4165 605 4233 quod
624 4162 717 4221 habent
735 4163 811 4216 codd.
836 4161 934 4228 (causa
952 4163 1011 4231 lt).

176 4267 206 4334 9.
236 4297 268 4332 ac
286 4281 327 4350 in]
346 4283 413 4336 coni.
448 4297 480 4334 sa
499 4281 527 4339 in
546 4280 621 4335 codd.
659 4287 849 4334 acctnecus
868 4277 1062 4335 enterocelen
1081 4277 1197 4345 poneret,
