2874 4804
504 255 712 308 snnrnns.
1095 227 1173 319 301
1254 274 1257 280 =

154 427 205 492 95.
225 437 335 510 peculia
353 439 407 493 tori
426 440 520 512 atque]
547 439 581 493 ci.
599 455 657 492 nnn.
674 437 709 492 ud
726 439 780 505 IX,
798 445 823 493 9.

153 571 205 636 96.
233 585 275 638 De
299 583 422 636 armentis
447 583 554 636 Servius
577 581 692 634 Danielis
706 581 751 654 xnd
770 582 873 649 Virgilii
891 583 954 638 Aen.
973 587 1028 655 111,
1045 593 1107 645 540.
1124 593 1176 648 sice

50 683 134 732 Varro
153 687 245 730 autem
263 675 340 728 boves
358 681 481 724 armenta
498 671 590 724 uocari
606 671 709 732 soluit,
728 673 808 746 quasi
825 685 984 744 aramenta,
999 680 1072 750 quod
1087 700 1178 734 sorum

42 771 184 841 praecipue
201 785 282 840 opera
300 766 330 818 iu
347 764 459 820 arandis
477 762 552 835 agris
569 761 681 820 utimur.

156 901 230 966 101.
258 915 282 963 G
299 911 328 961 in
346 912 367 960 c
383 907 513 976 mutavit]
543 907 597 960 Cur
614 919 724 962 murata
742 911 892 978 reiecerim,
915 919 1024 982 nppsret
1040 929 1074 968 ex
1092 920 1178 969 annot

43 1008 74 1059 ar
92 1008 159 1073 vn,
176 1009 220 1058 rr.
245 1001 298 1066 ni,
316 1003 360 1053 ⁵4,

156 1135 230 1201 108.
260 1143 355 1219 quare]
375 1143 416 1196 Ad
435 1145 552 1198 codicum
571 1145 725 1212 scripturam
749 1163 861 1228 quorum
885 1146 991 1218 propius
1012 1149 1177 1204 accessissem

43 1263 108 1314 quor
125 1241 271 1297 scribendo.
309 1232 349 1287 Cf·
367 1237 456 1286 annot.
475 1232 508 1286 nd
527 1234 559 1298 V,
578 1237 621 1286 66.

156 1362 228 1429 130.
254 1380 286 1434 V.
306 1369 398 1450 Suppl,
418 1379 451 1433 V.
470 1380 528 1432 Ser.
546 1394 562 1430 e
580 1377 611 1430 G.
631 1381 665 1432 G.
685 1397 711 1456 p.
720 1383 783 1434 216.
850 1445 854 1454 Ι

109 1559 113 1568 .
157 1506 229 1571 137.
254 1525 286 1577 v.
305 1526 397 1596 supp.
416 1525 449 1579 v.
468 1526 525 1578 scr.
538 1513 560 1577 'c
579 1523 610 1578 c.
629 1525 663 1576 e.
683 1528 781 1592 perr.

157 1655 230 1720 141.
257 1668 337 1740 Quod
360 1667 446 1739 operis
464 1663 633 1734 muniebant]
651 1681 728 1734 opere
745 1664 823 1719 video
840 1681 967 1736 reponere
984 1669 1133 1738 Zumptium
1152 1673 1178 1726 in

40 1763 130 1814 Annei.
150 1762 203 1815 Lit.
222 1763 310 1814 Berol.
336 1779 362 1820 s,
380 1765 458 1815 leur.
487 1777 513 1830 p.
526 1762 622 1823 1514.;
651 1772 737 1823 neque
761 1758 870 1823 infitior,
897 1755 963 1812 hene
986 1759 1037 1812 loci
1062 1761 1179 1831 formem,

40 1869 117 1920 quern
136 1854 276 1907 Turnebus
295 1855 444 1922 proposuit,
462 1868 514 1905 uon
532 1851 684 1919 displicere:
712 1846 837 1915 oppidum
851 1845 887 1897 ab
907 1850 951 1919 epi
968 1849 1083 1911 dicim,
1108 1853 1182 1926 quod

39 1946 165 1997 munitur
184 1946 240 2014 opis
255 1963 357 2004 causa,
382 1943 428 1997 ubi
445 1945 499 2010 sit,
517 1953 546 1994 et
563 1939 636 2014 quod
652 1956 720 2007 opus
737 1947 779 1990 est
796 1938 835 1990 ad
850 1939 937 1991 uitam
951 1942 1115 2012 gerundam,
1133 1943 1180 1998 uli

39 2037 162 2090 babeant
180 2035 395 2105 (rehabuerit)
414 2044 475 2086 tuto
494 2034 570 2102 (tuto
583 2030 677 2098 riso).
713 2029 819 2100 Oppida
838 2029 910 2103 quod
925 2050 1001 2102 opere
1015 2033 1179 2101 muniebant,

39 2130 145 2182 moenia
167 2128 250 2181 dicre.
286 2128 342 2180 Sed
358 2127 424 2180 ratio
443 2132 470 2179 et
487 2137 642 2195 progressus
660 2121 741 2175 totius
759 2123 810 2176 loci
827 2122 899 2190 iecit,
915 2131 946 2178 nt
963 2125 996 2180 sd
1013 2126 1092 2192 illud,
1109 2127 1179 2194 quod

37 2221 129 2286 posui,
152 2219 280 2272 sententie
296 2233 355 2270 mee
373 2216 577 2286 praeponderet.v
652 2213 694 2268 nd
710 2231 827 2266 mserum
844 2220 872 2268 et
888 2214 1034 2268 moeniendi
1050 2232 1075 2274 v.
1085 2218 1179 2288 Suppi.

36 2309 67 2362 V.
87 2312 151 2362 Sor.
169 2325 185 2387 e
203 2308 233 2360 C.
252 2310 286 2360 G.
309 2326 334 2376 p.
348 2311 410 2360 211.
764 2311 766 2316 '
1015 2303 1018 2312 '

158 2435 229 2505 118.
248 2433 419 2522 pomilionem
432 2439 571 2519 postulare
585 2448 614 2497 id
631 2447 734 2500 delendi
749 2431 845 2516 poterit
857 2450 949 2501 collate
964 2449 1045 2504 alters
1058 2451 1179 2520 dictione,

36 2567 116 2616 quum
136 2531 250 2600 ustivsm
269 2559 326 2596 esse
344 2542 370 2593 in
387 2542 481 2607 Latio,
499 2558 550 2594 nou
570 2557 586 2595 e
603 2543 715 2594 Graecia
732 2542 871 2606 adscitam,
889 2549 989 2596 certum
1005 2550 1061 2598 est:
1085 2562 1179 2596 vocare

34 2639 162 2690 indicium
179 2632 298 2704 Quirites
316 2633 368 2699 vl,
386 2636 430 2686 88.

154 2764 231 2830 149.
257 2775 380 2828 Curtium
398 2775 427 2828 in
445 2775 543 2842 locum]
570 2777 692 2830 curetum
716 2794 750 2833 ex
773 2781 929 2847 glossemate
954 2780 980 2832 in
998 2779 1115 2846 margine
1131 2774 1179 2832 sd-

34 2879 141 2946 scripto
159 2874 258 2926 illatum
276 2883 333 2920 esse
350 2867 460 2934 videtur.
481 2923 487 2937 ⁸

158 2999 229 3064 150.
254 3013 416 3067 Sententiam
443 3014 495 3066 loci
521 2973 635 3080 apertius
660 3012 846 3079 declarassem,
871 3015 894 3068 si
917 3014 985 3068 inter
1002 3023 1106 3084 septum
1123 3033 1180 3068 erse

31 3115 118 3177 atque
143 3107 173 3157 id
190 3106 263 3178 quod
283 3109 348 3172 μέσῃ
375 3103 556 3157 distinxissem.

158 3235 229 3300 153.
254 3250 382 3318 carceres]
402 3249 461 3302 Non
480 3247 562 3312 bunc,
580 3247 753 3302 sed'similem
771 3250 857 3302 locum
873 3250 998 3304 Varronis
1016 3254 1098 3319 tangit
1115 3253 1179 3306 Ser-s

30 3347 111 3410 vius,
141 3360 199 3396 cum
223 3342 303 3396 refert
327 3340 359 3394 sb
382 3340 429 3392 illo
453 3355 570 3392 csrceres
594 3339 677 3393 dictos
695 3357 755 3394 esse
781 3341 861 3412 quasi
877 3359 1000 3404 asserere
1018 3341 1060 3394 'sd
1078 3343 1179 3408 Virgilii

29 3440 104 3490 Aen.
122 3433 155 3501 V,
175 3437 234 3485 145.

157 3550 227 3615 158.
257 3580 275 3612 a
292 3561 376 3615 Flora
393 3565 486 3640 susus]
512 3581 530 3613 a
548 3541 745 3614 Floras'susus
763 3579 857 3613 versus
875 3563 942 3616 coni.
960 3563 1179 3644 1016610110-

27 3667 92 3717 vius
114 3659 150 3711 sd
167 3659 237 3710 Geli.
255 3655 309 3719 IX,
327 3657 353 3705 4.
372 3673 398 3722 p.
408 3655 567 3712 537.,Conr.
600 3653 688 3706 Etiam
705 3655 731 3718 S·
742 3657 802 3706 160.
820 3651 853 3704 sd
876 3650 939 3704 inde
960 3651 1113 3705 dedimus
1130 3670 1179 3723 pro

27 3753 139 3807 Iacobo
156 3750 196 3802 Io·
213 3749 258 3800 Fr.
277 3747 424 3799 Gronovius
445 3745 614 3814 sppellsodus
631 3752 696 3797 eret.

155 3957 225 4032 vl·
254 3971 288 4036 2.
319 3986 468 4043 Λευκιένον,
493 3982 563 4050 quod
580 3993 688 4052 propter
703 3982 857 4050 scripturum
876 3978 937 4034 cod.
955 3977 991 4031 H.
1016 3977 1044 4030 in
1061 3975 1177 4034 ordinem
1233 4063 1236 4069 r

23 4083 145 4152 recepi,
170 4081 263 4134 cedere
281 4077 385 4132 debebit
402 4075 500 4134 formae
517 4069 666 4142 Arvucpdr.

157 4213 189 4277 5.
214 4227 255 4278 De
271 4220 413 4276 Plaetoria
433 4220 489 4290 tege
512 4218 545 4272 ci.
563 4217 683 4270 Dirlrscn.
701 4215 736 4268 de
752 4213 813 4269 ΧΠ.
829 4213 882 4266 tob.
901 4214 971 4278 legg.
990 4229 1016 4280 p.
1027 4215 1088 4264 181,

150 4299 189 4367 ¹In
207 4313 334 4380 Reatino]
358 4311 528 4368 Reatinorum
545 4310 672 4364 sermonis
689 4309 773 4364 Verre
791 4319 824 4360 eo
840 4305 1038 4372 megisgnnrus
1055 4319 1113 4357 esse
1131 4299 1178 4356 de·
1226 4299 1228 4306 '
