2890 4820
255 231 284 310 d
642 263 766 308 uranu
802 261 1000 322 poturus.
1043 261 1046 266 ’

256 447 346 524 quae
367 421 529 522 quoniam
549 424 585 494 in
609 421 846 519 superioribus
871 422 989 514 libris,
1023 421 1242 520 quoiusmodi
1263 436 1394 518 essent,

256 527 423 624 exemplis
461 526 544 597 satis
586 525 842 616 demonstravi,
895 525 953 596 hic
994 525 1283 599 commonendum
1319 553 1397 600 esse

203 655 248 724 „12
258 627 361 700 modo
386 629 517 724 putavi.

276 765 279 770 ·
358 727 397 800 7.
434 729 540 800 Nunc
567 726 783 824 singulorum
807 725 992 800 verborum
1015 729 1167 828 origines
1189 728 1393 827 expediam3

254 855 403 928 quorum
438 840 587 927 quatuor
623 829 830 926 explanandi
861 829 1008 928 gradus.
1078 829 1225 902 Intimus
1259 833 1289 902 is
1321 858 1395 928 quo

253 935 358 1004 etiam
383 929 531 1028 po'pulus
551 932 664 1002 venit:
701 933 779 1026 quis
805 934 896 1002 enim
921 953 991 1003 non
1014 931 1110 1004 videt
1131 931 1223 1004 unde
1248 936 1393 1032 areni·

254 1033 436 1106 fodinae
468 1043 501 1102 et
531 1032 775 1103 viocurusl
846 1032 1030 1105 Secundus
1060 1058 1130 1128 quo
1165 1038 1393 1131 grammatica

206 1134 408 1221 1-9escendit
428 1135 586 1230 antiqua,
611 1158 700 1228 qnae
720 1132 890 1225 ostendit,
918 1131 1206 1230 quemadmodum
1226 1136 1392 1232 quodque

198 1245 355 1333 inpolita
388 1235 526 1306 finxerit
562 1234 730 1326 verbum,
776 1227 1000 1327 confinxerit,
1049 1235 1240 1308 declinarit.
1314 1237 1391 1308 Hic
1443 1261 1444 1270 ¹

252 1338 389 1408 Pacuvi
415 1341 613 1408 rudentum
639 1339 789 1428 sibilus,
824 1335 883 1407 bic
908 1341 1236 1412 incurvicervicum
1255 1342 1387 1432 pecua,
1443 1351 1444 1354 ’

110 1433 112 1437 ’
207 1438 310 1525 {ubic
344 1443 515 1534 clamyde
547 1441 696 1532 elccpeat
733 1439 934 1508 trachium.
998 1456 1003 1468 '
1060 1457 1061 1465 ’
1167 1436 1208 1510 8.
1233 1441 1389 1511 'Tertius

250 1541 380 1639 gradus
413 1564 483 1636 quo
515 1537 735 1635 philosophia
769 1538 960 1611 ascendens
994 1541 1171 1636 pervenit,
1214 1550 1317 1638 atque
1347 1567 1390 1613 ea

250 1667 339 1739 quae
372 1642 408 1710 in
444 1639 691 1710 consuetudine
727 1643 902 1713 communi
936 1651 1053 1713 essent
1086 1643 1219 1738 aperire
1256 1645 1385 1738 coepit,
1443 1635 1444 1640 ἵ

248 1753 289 1812 ut
328 1767 348 1810 a
387 1766 457 1837 quo
499 1738 630 1810 dictum
665 1752 756 1811 esset
796 1740 1036 1837 oppidum,
1084 1745 1241 1834 vicus,
1287 1747 1384 1814 via.

248 1843 404 1933 Quartus
425 1842 486 1913 ubi
510 1851 561 1912 est
581 1841 692 1934 aditus
715 1842 758 1913 ad
781 1843 876 1912 initia
899 1863 1034 1914 rerum:
1064 1870 1134 1941 qno
1159 1846 1190 1915 si
1214 1871 1284 1917 non
1305 1871 1386 1943 per·
1443 1847 1444 1908 ῗ

247 1947 411 2035 veniam,
464 1944 644 2014 scientiam
682 1943 727 2014 ad
768 1945 963 2041 opinionem
1010 1944 1235 2042 aucupabor,
1289 1947 1386 2043 quod

206 2131 208 2136 Ι
246 2047 349 2116 etiam
380 2047 417 2115 in
446 2043 556 2115 salute
581 2056 700 2116 nostra
729 2070 978 2142 nonnunquam
1012 2046 1096 2118 lacit
1126 2073 1233 2145 quom
1262 2073 1384 2146 aegro·
1443 2039 1444 2128 J

247 2157 360 2218 tamus
390 2144 557 2217 medicus.
1443 2233 1444 2244 ἵ

345 2244 397 2318 9.
418 2246 555 2338 Quodsi
584 2274 756 2319 summum
788 2249 934 2346 gradum
968 2275 1039 2320 non
1064 2252 1230 2350 attigero,
1267 2262 1384 2322 tamen

246 2348 437 2420 secundum
464 2348 677 2445 praeteribo,
711 2350 806 2446 quod
832 2377 901 2421 non
924 2349 1036 2422 solum
1064 2349 1109 2421 ad
1133 2349 1382 2452 Aristophanis

243 2449 422 2522 lucernam
462 2450 523 2522 sed
539 2491 541 2497 .
556 2454 665 2523 etiam
707 2453 752 2524 ad
789 2451 970 2526 Cleanthis
1005 2451 1199 2528 lucubravi.
1272 2455 1383 2528 Volui
1443 2545 1444 2550 ἵ

243 2637 342 2690 Varro:
366 2637 412 2689 sed
432 2644 459 2689 et
476 2637 541 2689 hene
564 2639 692 2704 geminam
718 2645 897 2706 proposuerat.
1020 2638 1202 2710 quoiusmodi]
1228 2647 1288 2692 ante
1311 2640 1336 2694 h.
1355 2659 1380 2695 r.

243 2707 318 2760 codd.
339 2708 387 2778 qui
406 2710 530 2760 inserunt.
646 2711 873 2776 commonendum]
899 2708 1092 2761 admonendum
1115 2711 1192 2764 HGa.

285 2857 288 2862 Ι
354 2779 386 2842 7.
411 2793 435 2844 a
454 2797 516 2865 quo]
537 2797 603 2848 con.
629 2797 657 2846 o.
676 2815 727 2867 quo
746 2798 820 2850 coac.
847 2816 899 2870 quo
921 2799 1067 2866 Scioppius.
1172 2797 1379 2869 auusocuu]

242 2863 309 2913 coni.
338 2865 525 2934 aretosodinae
550 2868 624 2921 codd.
650 2868 699 2919 nisi
720 2869 789 2934 quod
816 2885 850 2920 ex
872 2869 903 2921 F.
923 2870 1096 2940 aurifodinae
1114 2869 1229 2923 affertur.
1265 2872 1330 2936 Vei,
1349 2881 1381 2924 ut

242 2933 379 2987 Turnebus
397 2939 491 3004 voluit,
515 2940 679 2992 scribendum
697 2939 882 3010 cretifodinae.
995 2941 1123 3007 escendit]
1141 2943 1207 2993 coni.
1229 2942 1378 3010 Scioppius.

242 3003 389 3068 descendit,
404 3010 480 3062 codd.
530 3011 571 3063 De
598 3012 644 3064 illo
671 3011 750 3063 verbo
778 3012 812 3064 Ο.
832 3011 865 3064 L.
890 3010 1040 3065 Schneider.
1069 3014 1185 3066 Gramm.
1210 3013 1268 3064 Lat.
1289 3014 1317 3078 1,
1342 3015 1379 3066 ΙΙ.

241 3081 341 3142 p.552.
463 3081 638 3150 confinxerit,
666 3082 826 3150 declinarit]
853 3084 944 3150 scripsi
969 3085 1094 3136 suadente
1119 3085 1268 3150 Spengeiio.
1305 3085 1380 3154 quud

242 3147 403 3213 confluxerit
428 3153 500 3221 quod
524 3153 666 3206 declinarit
691 3153 768 3206 codd.
886 3155 1010 3219 Pacuvi]
1036 3157 1160 3222 Spengel.
1186 3155 1271 3223 pacui
1295 3157 1374 3210 GHc.

237 3233 310 3284 paco
329 3235 353 3270 a.
385 3223 466 3288 parvi
483 3225 531 3276 Fb.
558 3226 696 3276 Pacuvius
714 3241 757 3290 vg.
871 3225 1014 3276 rudentum
1036 3225 1146 3292 sibilus]
1172 3227 1247 3278 codd.
1289 3231 1376 3295 Atque

240 3289 278 3340 ita
296 3289 350 3342 Cic.
369 3291 403 3344 ad
420 3293 480 3348 tam.
496 3295 574 3358 VIII,
591 3301 618 3348 2.
634 3303 661 3348 et
679 3298 752 3348 Serv.
771 3295 805 3348 ad
820 3295 884 3349 Aen.
901 3297 927 3360 l,
946 3301 989 3350 et.
1027 3299 1087 3353 Quo
1105 3313 1232 3349 consensu
1249 3300 1376 3364 cogimur,
1443 3339 1444 3342 η

240 3365 271 3410 ut
288 3361 379 3414 Criniti
397 3366 584 3417 coniecturamz
601 3367 804 3418 rudentisilu'lus
827 3369 1008 3434 improbemus.
1052 3369 1139 3435 ipsum
1156 3367 1250 3420 sibilas
1267 3371 1375 3422 Pacuvii

240 3437 357 3499 tempore
381 3437 508 3488 novicium
533 3437 612 3510 luisse
636 3439 746 3489 videtui.
788 3439 832 3489 Fr.
850 3439 884 3490 H.
901 3439 985 3490 Bothe
1008 3441 1107 3492 Podtae
1125 3441 1203 3494 Scen.
1222 3441 1281 3492 Lat.
1300 3431 1333 3505 V,
1352 3443 1374 3493 1.

240 3507 496 3568 p.147.110nrecte
515 3509 610 3571 refert,
629 3509 770 3560 Varronem
789 3517 893 3576 aperte:
913 3509 1114 3562 rudentisilrilus
1137 3510 1240 3563 habere.
1330 3513 1373 3562 iu-

239 3574 445 3628 curvicervicum
466 3580 560 3646 pecus]
582 3580 670 3631 Locus
695 3581 796 3646 plenior
818 3587 890 3632 extat
913 3598 955 3647 ap.
980 3582 1130 3646 Quinctil,
1158 3587 1191 3647 5,
1215 3587 1259 3634 67.
1286 3583 1372 3635 Bothe

237 3644 269 3696 P.
290 3647 334 3697 Sc.
359 3647 392 3700 L.
411 3651 444 3714 V,
461 3651 482 3703 I.
508 3670 533 3718 p.
550 3650 625 3704 148.
732 3650 851 3719 clamyde
874 3651 908 3703 cl.
929 3649 985 3717 bu]
1011 3653 1099 3705 Locus
1123 3655 1223 3720 plenior
1243 3670 1277 3706 ex
1300 3642 1373 3706 Her-

236 3717 322 3768 miona
335 3718 441 3772 Pacuvii
449 3739 490 3790 ap.
500 3721 611 3774 Nonium
630 3741 654 3791 p.
664 3725 707 3786 87,
719 3725 763 3772 25.
781 3737 801 3773 s.
812 3738 836 3772 v.
852 3723 967 3788 clypeum
988 3725 1100 3774 Currum
1117 3723 1214 3795 liquit,
1232 3724 1372 3795 chlamyde

237 3797 361 3839 contorta
379 3801 443 3842 astu
466 3794 573 3862 clypeat
597 3793 742 3847 brachium.
778 3792 863 3845 Bothe
881 3793 913 3845 P.
930 3793 974 3845 Sc.
992 3794 1024 3847 L.
1044 3797 1076 3861 V,
1094 3795 1115 3847 I.
1141 3813 1166 3862 p.
1179 3801 1238 3848 126.

344 3863 375 3928 8.
402 3881 556 3948 ascendens]
566 3882 641 3934 codd.
684 3881 823 3932 escandens
848 3898 905 3933 cum
930 3881 1054 3950 Scioppio
1079 3884 1203 3950 Spengel.
1334 3885 1373 3935 ad

235 3948 316 4000 iniria
341 3951 439 4018 rerum]
448 3954 514 4004 coni.
555 3954 625 4024 regio
647 3953 736 4013 codd,
774 3953 843 4019 quod
866 3953 995 4006 Victorius
1022 3961 1048 4006 et
1072 3955 1191 4020 Scaliger
1215 3955 1371 4023 proverbiali

235 4021 365 4074 locutione
392 4023 490 4075 dictum
517 4026 649 4091 putabant.
694 4025 731 4073 ad
754 4023 834 4074 initia
863 4024 902 4072 rei
926 4026 990 4078 coni.
1022 4027 1191 4090 Augustinus.
1234 4037 1262 4076 et
1287 4025 1371 4076 initia

235 4109 323 4142 rerum
339 4094 498 4214 igertmnius.
623 4095 755 4167 facitJH.
774 4102 803 4148 ut
820 4095 928 4148 ridetur.
959 4095 1032 4166 fecit
1055 4102 1116 4148 cett.
1235 4099 1326 4168 quom]
1334 4101 1369 4152 G.

235 4179 295 4212 cum
318 4179 348 4216 ce
361 4170 379 4215 t.
700 4187 702 4193 ⁴
1039 4179 1042 4184 '

348 4239 378 4304 9.
403 4251 559 4320 cleanthis]
583 4254 731 4308 Stoicorum
755 4255 834 4322 igitur
859 4255 1026 4322 grammatica
1051 4254 1168 4309 doctrina
1192 4273 1226 4310 ex
1250 4258 1369 4311 Varrone

233 4325 326 4392 partim
350 4326 487 4380 instaurari
512 4326 616 4394 poterit.
659 4326 794 4380 intereos
812 4329 890 4384 etiun
910 4324 1059 4381 Cleanthem
1077 4326 1116 4380 his
1135 4329 1212 4381 rebus
1229 4329 1368 4395 suluisse,
