2864 4814
425 224 462 323 §-
493 239 746 310 sor—105·
847 202 851 212 ’
945 249 955 262 ·
1088 225 1138 302 tt

40 418 119 488 item
142 412 284 485 lilium
308 409 353 482 ab
381 409 458 482 b‘rio
486 421 522 484 ot
553 411 695 487 malva
718 412 913 486 amaleche
937 424 972 488 et
991 415 1139 488 sisum·

41 517 165 588 brium
190 541 211 586 a
233 509 425 611 sisymbrio.
594 510 686 586 tot.
714 513 931 588 vernacula:
956 516 1140 588 lactuca

41 617 161 688 alacte
186 613 279 712 quod
303 613 380 686 olus
407 611 446 683 id
471 611 574 686 habet
600 614 668 686 lac.
727 615 943 688 Brassica
975 627 1016 688 ut
1041 643 1139 714 prae·

41 719 115 808 sica,
138 716 231 814 quod
251 717 387 787 eseias
407 737 510 810 soapo
530 716 720 788 minutatim
741 720 960 812 praesicatar.
1001 713 1196 816 aspa-m

40 821 146 916 rapi,
184 815 279 914 quod
303 841 347 886 ex
371 817 499 912 asperis
520 817 677 915 virgultis
699 818 878 914 leguntur,
905 819 1026 917 stipsi
1047 821 1142 917 scapi

40 929 269 1091 iiiiii
285 915 523 1118 iiiiii?
565 916 1141 1094 &titinniltdid

39 1145 110 1192 vore
132 1130 172 1190 ut
205 1121 412 1190 curvimeres
441 1116 537 1190 dicti.
597 1119 795 1190 Fructus
824 1145 845 1190 a
875 1119 1039 1212 serundo,
1083 1147 1139 1198 res

38 1232 65 1292 et
86 1245 153 1292 eae.
167 1246 254 1317 quas
278 1217 426 1310 fundus,
462 1230 498 1289 et
518 1243 577 1288 eae
601 1245 687 1316 quas
716 1245 806 1316 quae
834 1222 872 1290 ia
894 1220 1002 1292 londo
1026 1223 1141 1297 terum

37 1332 69 1390 ui
89 1321 254 1394 fruamur.
296 1321 396 1390 Hinc
414 1318 599 1391 declinatae
627 1321 779 1418 fruges
803 1329 837 1392 et
860 1319 1140 1413 frumentum,

36 1421 86 1491 sed
109 1447 148 1494 ea
174 1417 320 1494 eterra.
373 1421 488 1493 Etiam
513 1420 740 1514 frumentum,
775 1420 869 1518 quod
893 1420 937 1492 ad
962 1431 1039 1494 exta
1063 1422 1140 1494 clli-

38 1545 135 1618 eoqua
168 1523 257 1596 solet
285 1520 387 1611 addi⁷
423 1547 474 1594 ex
504 1521 642 1614 mola,
679 1522 796 1594 idest
823 1549 867 1594 ex
897 1522 968 1594 sole
992 1532 1028 1595 et
1051 1522 1200 1612 fursee

36 1625 156 1696 molito.
211 1625 331 1696 Uvae
356 1621 399 1692 ab
429 1648 547 1694 uvore.

124 1747 219 1822 105.
260 1750 360 1839 Quae
383 1773 487 1821 mauu
510 1749 599 1821 faeta
624 1762 703 1822 sunt
724 1749 856 1844 diea'm,
883 1751 926 1824 de
950 1754 1065 1846 victu,
1093 1709 1204 1832 desii

36 1855 171 1942 uestitu,
208 1850 250 1921 dc
279 1853 523 1943 instrumento,
556 1861 589 1923 ct
614 1853 643 1922 si
673 1852 756 1949 quid
777 1853 870 1925 aliud
893 1853 1063 1926 videbitur
1083 1855 1139 1930 bis

37 1965 154 2050 aptum.
209 1951 265 2024 De
298 1953 392 2024 victu
421 1954 655 2050 antiquissima
687 1954 809 2050 puls:
851 1952 937 2030 haee
971 1957 1139 2054 appellata

37 2177 76 2226 que
88 2163 136 2214 iarn
150 2161 269 2225 Scaliger
282 2163 359 2215 scribi
371 2164 500 2216 voluerat:
518 2159 618 2224 καυλός,
634 2158 773 2224 insulsitas,
792 2159 884 2232 ῥάπυς.
970 2166 1139 2234 coriandrum]

38 2233 175 2282 coliandron
193 2233 267 2284 codd.
299 2235 350 2299 Vg.
365 2233 412 2286 lioc
431 2241 457 2286 et
475 2235 606 2298 sequentia
623 2236 746 2289 vocabula
765 2237 872 2288 Graecis
890 2237 969 2290 literis
986 2239 1140 2302 scribuntur,

38 2303 73 2352 sed
90 2306 185 2355 nullum
203 2306 258 2354 eius
277 2305 313 2356 rei
331 2307 464 2370 vestigium
482 2307 507 2356 in
526 2306 600 2358 codd.
618 2305 824 2372 deprehenditur.
960 2307 1140 2376 sicambriam]

37 2376 120 2440 scripsi.
156 2373 325 2442 syar'mbrium
342 2375 415 2426 FHa.
452 2373 609 2442 sysimbrurn
627 2378 660 2426 G.
696 2393 723 2426 sc
740 2375 916 2440 syrabriumc.
951 2375 1139 2432 sismibrumli.

34 2443 168 2510 sisymbrio]
188 2444 287 2512 scripsi.
322 2443 459 2514 sysimbrio
477 2445 565 2496 FGac.
601 2444 727 2513 sysirnbro
744 2447 779 2498 H.
814 2445 943 2496 sisinibrio
960 2447 984 2498 b.

132 2544 208 2611 104.
227 2559 362 2628 prosaica]
376 2559 518 2612 Turnebus.
551 2559 660 2628 persica
677 2559 752 2612 codd.
863 2558 1024 2630 ἀσπάραγος]
1042 2564 1139 2630 scripsi,

34 2631 82 2692 quia
98 2647 145 2684 om.
165 2633 235 2684 Gbc.
277 2647 428 2700 asparagus
446 2632 476 2684 F.
653 2640 739 2681 reret
757 2632 815 2696 eae]
833 2634 896 2685 alias
913 2635 1140 2702 interpungebatur

33 2696 163 2773 ιῖποστιγμῇ
180 2704 251 2754 inter
267 2719 308 2752 res
326 2707 353 2752 et
369 2710 405 2753 et.
547 2699 667 2771 fundus]
681 2701 785 2771 fundos
804 2704 837 2754 G.
979 2706 1058 2775 quas]
1073 2707 1140 2760 coni.

33 2772 111 2824 addidi.
196 2771 298 2842 fundo]
311 2771 400 2842 fondo
417 2771 451 2825 Η.
470 2772 579 2826 sartam
597 2777 674 2824 recte.
773 2773 811 2823 ad
825 2783 890 2824 exta
908 2770 1050 2846 vilicoque]
1068 2777 1139 2828 Tur-

34 2843 108 2896 nebus.
148 2841 294 2894 estaollico
313 2861 363 2914 quo
381 2843 442 2896 Fac.
485 2853 549 2894 exta
572 2841 636 2893 elice
661 2861 712 2912 quo
730 2843 764 2896 G.
811 2854 903 2910 extra,
925 2846 1003 2902 olito,
1029 2865 1080 2916 quo
1102 2847 1138 2900 H.

35 2929 59 2960 ex
75 2924 116 2964 rao
134 2913 199 2964 licio
216 2931 268 2984 qno
285 2913 310 2964 b.
354 2913 394 2966 De
419 2913 457 2966 bis
481 2915 546 2968 extis
570 2915 703 2980 oiiicoqnis
730 2916 764 2967 ct.
781 2915 874 2968 Festus
891 2933 911 2969 s.
927 2933 950 2969 v.
968 2919 1039 2970 sulas
1056 2935 1082 2986 p.
1093 2922 1137 2971 20.

36 2982 184 3038 Liudsm..et
203 2986 286 3038 Varro
309 2998 386 3052 supra
413 2987 437 3049 ἓ.
452 2991 494 3037 98.
525 2985 589 3038 lter.
606 2984 737 3038 Etruscan
754 2987 808 3051 111,
824 2991 850 3051 7,
869 2993 896 3039 8.
1058 2987 1138 3052 soler]

36 3051 134 3108 Turnebi
150 3056 235 3110 codex
253 3062 280 3107 et
297 3071 320 3107 a.
343 3062 372 3107 ut
391 3057 498 3110 ridetur.
533 3055 618 3106 solent
636 3061 698 3106 cett.
827 3057 927 3122 molito]
940 3057 964 3108 b.
983 3063 1011 3108 ut
1029 3057 1137 3112 videtur.

37 3125 121 3177 mollito
138 3134 199 3180 cett.
751 3159 755 3166 ·

133 3223 205 3287 105.
232 3233 263 3283 cle
279 3234 368 3295 victu,
395 3231 428 3282 de
443 3232 556 3297 vestitu,
580 3237 611 3284 de
628 3234 813 3300 instrumento]
832 3235 913 3286 Varro
931 3233 969 3286 liis
987 3237 1070 3289 verbis
1088 3253 1138 3288 non

36 3308 130 3369 spondet
146 3309 259 3360 tutorum
276 3312 304 3357 ut
321 3307 429 3373 primum
447 3304 479 3355 de
497 3305 581 3369 victu,
604 3307 695 3358 deiude
713 3307 744 3359 de
762 3305 887 3370 vestibus,
906 3308 983 3358 tertio
1001 3309 1033 3359 de
1050 3309 1140 3374 sapei-

37 3374 103 3428 iectili
119 3381 202 3444 dicat,
228 3377 287 3441 sed,
304 3375 366 3428 lisec
384 3391 433 3426 uon
452 3376 588 3439 diligenter
604 3393 753 3442 secemem,
776 3363 898 3430 tredecim
915 3377 995 3429 ferme
1012 3377 1137 3444 capitibus

37 3444 112 3514 lactis,
137 3451 169 3502 de
187 3451 255 3502 victu
274 3449 317 3513 qui
334 3463 350 3497 e
367 3452 435 3498 terra
453 3447 581 3512 provenit,
607 3449 639 3499 de
657 3451 761 3516 pecudis
780 3464 869 3512 carne,
890 3448 921 3498 de
939 3449 996 3498 lona
1015 3455 1040 3500 et
1058 3449 1138 3499 vesti·

38 3521 115 3572 uentis
132 3523 191 3574 iude
210 3519 299 3583 iactis,
324 3517 356 3569 de
374 3517 464 3581 armis,
489 3516 521 3568 de
539 3521 632 3570 mensis
651 3526 677 3572 et
694 3521 760 3572 vasis
785 3520 819 3571 ibi
845 3519 948 3581 locatis,
974 3518 1005 3570 de
1024 3519 1092 3569 sellis
1111 3525 1137 3570 et

37 3589 103 3653 arcis,
125 3593 157 3644 de
175 3590 269 3644 mundo
287 3594 314 3641 et
334 3589 445 3640 vestibus
464 3589 611 3653 mulierum,
636 3591 668 3642 de
686 3591 857 3644 instrumentis
874 3590 987 3652 rusticis,
1015 3588 1047 3640 de
1066 3589 1137 3640 aedi-

37 3657 102 3723 ficiis,
127 3664 152 3714 id
170 3669 210 3716 est
228 3663 260 3712 de
278 3659 377 3726 oppidis
395 3659 506 3725 vicisque
525 3666 551 3712 et
569 3661 645 3726 loris,
671 3662 702 3714 de
726 3663 830 3714 aedibus
853 3659 970 3725 privatis,
996 3658 1028 3710 de
1047 3661 1138 3726 portis,

38 3727 63 3778 de
79 3731 160 3798 lectis,
184 3734 293 3798 denique
312 3730 344 3781 de
362 3731 468 3797 pecunia
486 3732 548 3796 agit.
592 3734 760 3798 Spengelius,
786 3733 849 3782 hoec
864 3729 954 3780 melius
972 3729 1071 3797 disponi
1087 3747 1136 3798 po-

36 3799 103 3852 tuisse
126 3805 190 3858 bene
211 3803 368 3866 intelligens,
398 3802 423 3852 in
446 3801 554 3852 Emeud.
578 3802 687 3855 Varron.
707 3823 731 3870 p.
754 3809 795 3854 17.
821 3806 971 3864 argumenta
989 3818 1004 3852 a
1021 3803 1136 3854 Varrone

36 3872 131 3925 tractata
147 3877 221 3926 aliter
238 3873 383 3936 coniungit,
406 3877 434 3922 ut
452 3888 516 3938 qnae
535 3873 567 3924 de
585 3875 678 3926 mundo
696 3873 811 3926 muliebri
830 3871 958 3934 dicuntur,
983 3879 1042 3939 post
1059 3879 1137 3938 caput

36 3937 61 3988 de
82 3945 134 3996 lans
159 3939 297 4012 ponantur,
321 3949 347 3994 et
371 3941 419 3992 alia
443 3943 564 3996 similiter.
611 3945 746 3998 Crederem
771 3943 892 4008 fortasse,
917 3943 939 3994 si
957 3945 1035 3994 ullum
1060 3943 1135 3994 colon

36 4014 141 4067 orationis
156 4021 351 4077 monstraretur,
370 4011 437 4079 quod
455 4009 502 4064 lieo
518 4007 718 4081 transpositione⁴
727 4016 881 4082 discerptum
896 4019 978 4065 esset:
996 4013 1049 4064 veri
1069 4015 1136 4066 eninr

36 4078 157 4151 dissimile,
174 4087 334 4138 membranae
352 4085 374 4134 si
393 4085 475 4135 locum
492 4086 559 4137 iuter
575 4101 603 4136 ss
620 4087 657 4138 sio
674 4091 874 4155 permutassent,
892 4086 985 4136 nuliam
1004 4083 1135 4150 periodum

36 4149 57 4198 iu
72 4152 178 4209 diversas
202 4164 287 4226 partes
310 4171 366 4206 esse
392 4154 530 4206 disiectam.
576 4156 673 4208 Locum
692 4159 724 4208 de
742 4158 836 4210 mundo
856 4155 972 4208 muliebri
995 4171 1044 4206 uon
1068 4157 1135 4206 mele

37 4219 106 4276 Varro
123 4230 206 4296 posuit
224 4232 355 4296 postquam
374 4228 406 4278 de
419 4227 485 4278 ercis
503 4227 575 4289 dixit,
593 4229 727 4294 inquibus
745 4229 851 4280 mundus
870 4233 924 4290 est;
943 4232 970 4280 ut
988 4241 1044 4278 cum
1063 4242 1133 4278 men-

36 4291 64 4342 sis
79 4312 134 4350 resa
152 4300 288 4368 coniungit,
307 4311 372 4363 quaa
387 4298 412 4350 in
427 4299 457 4350 iis
472 4303 606 4365 ponuntur.
643 4299 682 4351 lie
699 4301 801 4356 loannis
816 4299 883 4366 Lydi
900 4299 957 4350 loco
970 4297 1133 4357 subscribam,
