2874 4804
309 235 393 313 234
691 267 812 313 crosa
846 267 1043 316 onerans.

309 430 382 522 Qui
406 430 656 526 impositionem
676 439 852 528 sequetur,
875 428 978 520 dicet,
1001 431 1031 500 si
1053 429 1164 500 simile
1182 431 1219 498 in
1235 440 1388 501 rectocasn

310 531 440 604 dolus
473 540 507 603 et
541 530 701 622 malus,
750 529 825 603 fore
856 532 894 600 in
927 528 1069 627 obliquo
1102 530 1203 602 dolo
1234 540 1266 600 et
1290 531 1387 601 malo:

309 635 370 730 qui
393 639 550 704 naturam
575 643 751 728 sequetur,
779 635 810 704 si
836 633 883 703 sit
906 632 1016 704 simile
1041 635 1078 703 in
1099 631 1245 728 obliquis
1263 631 1387 718 Marco,

309 733 502 826 Quinto,
543 732 618 805 fore
650 742 690 805 ui
721 732 1025 823 sititianum,
1067 732 1288 824 Quintum.
1342 732 1390 821 Qui

310 847 494 932 utrumque
520 845 703 931 sequetur,
737 834 829 906 dicet
852 837 883 906 si
909 837 955 906 sit
979 834 1110 927 simile,
1142 825 1295 904 tiansitus
1316 843 1390 902 otest

245 937 349 1031 §gain
372 945 520 1008 servos
544 961 689 1028 serve,
718 935 792 1008 fore
819 946 856 1008 ut
878 938 923 1007 sit
946 937 1027 1008 item
1051 938 1089 1006 in
1115 959 1261 1006 cervos
1284 958 1387 1004 certe.

311 1035 504 1110 Commune
526 1039 678 1110 omnium
701 1051 766 1129 est,
793 1048 835 1108 ut
855 1048 1004 1136 quatuor
1024 1036 1155 1134 figurae
1174 1038 1264 1108 vocis
1282 1032 1388 1104 habeant

310 1141 530 1237 proportione
563 1139 770 1210 declinatus.
942 1136 1010 1210 52.
1056 1140 1213 1211 Primum
1245 1161 1336 1234 genus
1356 1145 1388 1203 est

233 1265 301 1334 (137
311 1252 424 1312 ortum
450 1239 494 1310 ab
528 1239 750 1312 similitudine
780 1241 817 1309 in
850 1241 955 1312 rectis
985 1239 1143 1332 casibus,
1178 1237 1344 1310 secundun
1361 1231 1387 1302 al

308 1341 531 1413 similitudine
556 1353 718 1439 quaeest
740 1342 776 1411 in
796 1338 960 1437 obliquis,
989 1343 1128 1413 tertium
1150 1339 1193 1412 ab
1212 1335 1386 1411 similitudine

293 1467 397 1540 ‘quae
423 1455 477 1514 est
507 1445 544 1514 in
578 1441 777 1550 transitibus
806 1442 849 1514 de
875 1467 958 1514 casu
982 1445 1018 1514 in
1046 1468 1178 1516 casum.
1230 1442 1333 1526 Primo
1351 1462 1387 1532 g·

308 1570 388 1616 nere
414 1543 458 1616 ab
481 1547 640 1641 imposito
663 1545 708 1614 ad
733 1554 893 1616 naturam
918 1544 1191 1641 proficiscimur,
1221 1535 1404 1624 insecundo

307 1656 446 1738 contra,
480 1647 516 1715 in
543 1649 643 1719 tertio
668 1645 711 1716 ab
738 1658 896 1742 utroque.
950 1645 1128 1737 Quocirca
1154 1648 1250 1718 etiam
1273 1640 1328 1711 hoe
1344 1641 1404 1724 {flii

306 1748 392 1818 tium
418 1756 532 1842 potest
563 1745 723 1817 bifariam
756 1747 906 1818 divisum
922 1750 1080 1819 ,tertium
1107 1759 1140 1820 et
1165 1754 1311 1844 quartum
1332 1736 1404 1830 dicii

307 1847 403 1942 quod
425 1850 462 1917 in
485 1873 526 1920 eo
551 1846 607 1918 vel
633 1873 756 1944 prosus
781 1847 838 1917 vel
863 1875 964 1920 rosus
990 1861 1106 1944 potest
1129 1849 1208 1920 dici.
1341 1834 1404 1905 55·

304 1947 379 2038 Qui
404 1950 499 2019 initia
525 1949 630 2021 saciet
655 1949 831 2045 analogiae
854 1950 1103 2044 impositiones,
1132 1949 1175 2022 ab
1198 1947 1250 2018 his
1270 1941 1384 2034 ottqm

251 2048 438 2147 174figuras
463 2050 638 2122 declinare
660 2049 820 2121 debebit:
851 2053 912 2146 qui
935 2061 1108 2144 naturam,
1139 2060 1268 2122 contra:
1294 2033 1383 2137 quial

307 2162 474 2247 utraque,
512 2151 662 2249 reliquas
689 2151 934 2224 declinationes
961 2151 1005 2223 ab
1032 2152 1199 2226 eiusmodi
1216 2139 1382 2221 transitibus.

306 2251 488 2350 Impositio
526 2264 579 2324 est
613 2256 650 2324 in
690 2264 809 2325 nostro
846 2252 1047 2348 dominatu,
1093 2281 1157 2327 nos
1191 2255 1226 2322 in
1260 2255 1382 2318 naturae:

242 2353 595 2456 gas-quemadmodum
623 2358 714 2426 enim
743 2357 890 2451 quisque
917 2356 1009 2447 volt,
1047 2357 1193 2454 imponit
1216 2369 1339 2435 nomeu5
1365 2343 1383 2404 tl

305 2455 477 2548 declinat,
504 2456 795 2554 quemadmodum
822 2457 896 2528 volt
919 2471 1056 2531 natura.

404 2591 472 2664 54.
519 2593 591 2665 Sed
624 2597 787 2691 quoniam
814 2594 952 2668 duobus
982 2596 1094 2668 modis
1121 2593 1296 2694 imponitur
1316 2603 1383 2652 voca·

302 2692 423 2765 bulum
458 2706 518 2765 aut
549 2721 587 2766 re
620 2697 789 2793 singulari
823 2710 883 2769 aut
915 2697 1154 2786 multitudine,
1198 2685 1339 2789 singulari
1361 2687 1384 2794 ql

304 2793 448 2885 cicer,
477 2795 704 2868 multitudinis
731 2808 771 2868 ut
797 2797 968 2892 scalae,
996 2825 1061 2870 nec
1088 2797 1228 2871 dubium
1248 2802 1307 2877 est,
1327 2803 1383 2876 qfflt

302 2897 387 2968 ordo
414 2895 669 2990 declinatuum,
700 2899 832 2995 inquo
859 2927 914 2971 res
945 2901 1137 2998 singulares
1170 2886 1383 2970 declinabantur

267 3068 270 3076 ,
304 2998 419 3093 solae,
445 2995 489 3071 ab
514 2999 682 3099 singulari
704 3000 821 3098 aliquo
845 3027 929 3076 casu
950 3002 1209 3101 proficiscatur,
1236 3003 1270 3066 ut
1288 2989 1382 3064 cicer,

415 3213 467 3278 51.
494 3229 589 3296 simile]
607 3229 638 3282 F.
652 3229 711 3296 (qui
729 3232 799 3284 solus
817 3233 908 3302 prosi
924 3231 962 3284 sit
980 3231 1058 3286 hebet
1075 3231 1110 3284 ab
1128 3228 1191 3298 hoe)
1210 3231 1235 3278 et
1251 3216 1304 3273 GH·
1332 3209 1380 3260 0⁸³³

192 3338 199 3353 .
303 3304 363 3351 suut
379 3297 447 3352 inter
463 3301 535 3370 prius
550 3307 577 3352 et
594 3299 642 3354 boc
661 3303 760 3368 simile,
785 3321 835 3356 om.
856 3322 878 3356 a.
915 3305 1009 3356 similis
1026 3321 1068 3370 vg.
1204 3305 1247 3348 att
1262 3285 1306 3354 est]
1319 3295 1354 3332 ⁰11¹·
1366 3286 1380 3320 ⁸·

302 3385 353 3422 non
372 3378 451 3424 recte.
583 3388 673 3424 servos
693 3380 719 3425 et
737 3373 837 3441 cervos]
855 3393 946 3427 servus
966 3383 993 3430 et
1011 3393 1104 3428 ceraue
1123 3371 1197 3428 codd.
1305 3353 1380 3422 figuret

302 3442 382 3493 etta.
412 3441 511 3513 figura
529 3443 560 3497 F.
590 3442 703 3514 figuras
721 3461 763 3512 vg.

1334 3538 1379 3582 rettt

416 3545 467 3610 52.
493 3557 536 3610 vel
558 3577 655 3626 prosus
676 3559 720 3610 vet
744 3561 950 3630 rosus].scripsi.
995 3559 1039 3613 vet
1057 3577 1169 3630 prorsus
1187 3551 1229 3606 vel
1244 3533 1335 3600 rosus(
1372 3608 1378 3638 ς

302 3627 353 3696 Η.)
373 3631 433 3682 GH.
471 3637 504 3681 ut
519 3647 617 3697 prosus
636 3631 745 3700 (prosas
760 3633 805 3700 F.)
825 3643 856 3683 ut
876 3633 916 3699 (et
935 3631 980 3698 F.)
999 3651 1075 3684 rosus
1095 3633 1183 3699 (rosas
1196 3623 1238 3690 F.)
1255 3616 1295 3668 Fa.
1324 3605 1370 3716 1302?

302 3702 391 3768 posui,
415 3702 459 3754 ubi
483 3717 570 3753 rursus
596 3705 800 3770 exspectaverisa
827 3705 873 3756 sed
893 3721 906 3755 s
924 3704 985 3758 elidi
1003 3711 1119 3772 poterat,
1146 3707 1174 3754 ut
1198 3698 1222 3748 in
1240 3699 1305 3773 pfotfl
1320 3679 1378 3784 ⁰¹³3

301 3771 327 3822 in
350 3788 452 3834 susum,
477 3774 503 3823 in
528 3784 623 3824 rusum.
652 3775 684 3826 cs.
705 3791 761 3826 ann.
782 3774 813 3826 ad
833 3775 973 3838 v111‚49.
1016 3775 1108 3842 Neque
1134 3789 1150 3826 o
1174 3762 1284 3821 offendit,
1306 3759 1378 3855 mmcd

301 3857 421 3895 ¹0l⁰f⁸¹¹⁸
438 3845 494 3895 5⁰¹¹
513 3851 614 3910 poterat
632 3862 732 3911 rorsus,
752 3853 780 3898 ut
797 3863 829 3898 ex
844 3861 975 3898 sevorsurn
990 3861 1103 3912 sorsum,
1122 3861 1154 3898 ex
1167 3835 1255 3892 nevolo
1268 3823 1323 3878 11010·

301 3921 388 3965 eutem
407 3914 470 3965 haee
495 3913 574 3965 forma
593 3923 696 3983 praeter
712 3919 781 3969 illam
800 3919 825 3969 in
843 3934 916 3969 usum
936 3917 1039 3968 inducta
1057 3921 1104 3982 sit,
1130 3931 1162 3968 ne
1179 3903 1282 3964 mireris:
1303 3889 1378 3940 ellim*

301 3985 378 4036 tionis
404 3987 517 4038 studium
540 3986 566 4036 in
593 4003 669 4039 causa
694 3988 755 4054 fuit,
785 3991 826 4042 oui
850 4005 901 4040 non
920 3989 1060 4040 satisfiebat
1080 3990 1124 4040 illo
1150 3994 1240 4035 rursus
1257 3958 1378 4074 avisq'gg‘g'

300 4057 535 4180 guqllt'arrgaagins
551 4073 613 4109 usus
631 4075 688 4110 esse
706 4061 823 4114 traditur.
858 4060 891 4113 V.
910 4059 1026 4112 Naekius
1044 4061 1070 4111 in
1088 4059 1156 4112 Mus.
1172 4050 1280 4106 stesso.
1295 4048 1314 4082 ³·

324 4163 331 4176 .
408 4146 433 4195 p.
497 4165 504 4178 .

412 4219 463 4284 53·
490 4240 617 4308 naturae]
636 4244 701 4295 coni.
721 4243 801 4296 Henr·
821 4239 975 4310 Stephanus.
1013 4249 1116 4294 notura
1134 4231 1207 4294 codd.
1240 4185 1376 4282 Enipsisn'b'

300 4303 378 4358 habet
401 4321 452 4371 quo
471 4308 592 4361 offendat.
628 4313 668 4364 cf.
689 4315 720 4378 v,
738 4318 798 4368 100,
824 4321 850 4368 et
868 4315 978 4382 mmm,
994 4312 1050 4378 px,
1069 4319 1094 4366 6·
