2866 4812
340 955 384 1021 Μ.
414 949 625 1020 TERENTI
665 951 895 1020 VARRONIS

119 1158 228 1268 on
310 1085 1116 1272 prodonamus

337 1441 351 1482 Ι,
396 1375 463 1449 su
505 1347 838 1444 cionnoonu
903 1335 911 1357 '
996 1373 998 1380 ·
1060 1345 1063 1353 '

400 1570 404 1578 ·
478 1547 590 1602 LIBER
623 1545 755 1602 NONUS.

402 1847 405 1854 ’
429 1829 579 1908 Desunt
620 1832 825 1925 quoedcun,

151 1951 188 2026 l.
218 2009 227 2026 .
327 1956 637 2030 nesciunt-dooere
661 1982 767 2054 quam
792 1955 938 2049 discere,
967 1977 1057 2052 quae
1080 1955 1215 2054 igno-l

49 2071 144 2130 rant·
204 2058 247 2129 ln
275 2084 373 2155 quo
392 2059 458 2129 fuit
490 2057 615 2131 Grates
648 2057 775 2131 nobilis
812 2058 1078 2158 grammaticus,
1115 2058 1232 2154 quior.

49 2160 160 2232 fretus
191 2157 390 2260 Chrysippo
421 2158 561 2262 homine
590 2162 808 2252 acutissimo,
844 2161 905 2257 qui
937 2137 1079 2256 reliquit
1114 2183 1177 2230 sex
1188 2136 1256 2276 ssf,

48 2261 157 2367 libros
189 2261 276 2362 περὶ
303 2259 551 2356 denuntias,
582 2259 658 2332 heis
690 2259 789 2331 libris
815 2271 934 2331 contra
961 2258 1229 2358 ἅναλογίανρξ]

51 2375 155 2460 atque
179 2358 428 2434 Aristarchum
453 2374 506 2434 cst
531 2363 656 2452 nixu's,
692 2361 755 2432 sed
787 2363 834 2431 ita
864 2370 904 2430 ut
935 2363 1064 2457 scripta
1088 2360 1179 2430 indi·-

51 2476 130 2536 cant
163 2465 262 2556 eins,
295 2474 334 2535 ot
358 2464 516 2535 neutrius
532 2460 705 2534 'videatur
730 2459 918 2558 pervidisse
944 2460 1178 2555 voluntatcm3

51 2565 152 2663 quod-
173 2576 209 2638 et
234 2563 454 2666 Chrysippus
480 2564 524 2637 dc
549 2561 827 2662 inaequabilitate
862 2586 942 2635 cum
966 2559 1086 2635 scribit
1109 2587 1181 2634 scr-

50 2668 187 2760 monis,
222 2664 567 2774 propositumlrabet
591 2665 772 2741 ostendere
797 2664 926 2738 similes
951 2690 1007 2736 res
1030 2663 1181 2736 dissimi-

50 2767 145 2842 libus
169 2767 284 2841 vernis
309 2780 344 2842 et
362 2762 596 2841 *dissimilibus
620 2767 749 2842 similes
778 2793 853 2840 esse
878 2765 1059 2842 vocubulis
1084 2778 1181 2840 note·

51 2880 101 2946 tas
138 2866 196 2970 (id
231 2869 326 2968 quod
358 2882 411 2943 est
441 2868 610 2971 verum),
655 2880 704 2942 et'
722 2868 816 2971 qnod
849 2863 1100 2960 Aristarchus,
1131 2855 1183 2940 ‘dc

52 2970 292 3070 aequabilitate
325 2997 406 3058 eum
426 2969 560 3058 ,scribit
592 2983 626 3043 et
657 2970 700 3042 de
729 2970 915 3043 verborum
943 2968 1180 3060 similitudine,

53 3071 270 3170 quorundam
304 3071 549 3150 inclinationes
587 3074 687 3170 sequi
724 3070 841 3164 iubet,
885 3069 1000 3168 quoad
1034 3070 1184 3168 patiatur

53 3174 279 3248 consuetudo.
406 3192 435 3242 ss
462 3171 503 3246 2.
518 3175 528 3200 ⁷
545 3173 619 3247 Sed
651 3174 677 3246 ii
709 3173 770 3274 qui
794 3175 839 3274 *in
858 3171 1033 3271 loquendo
1058 3173 1238 3270 partimus

54 3279 150 3375 sequi
173 3274 294 3369 iubent
317 3302 384 3370 nos
401 3273 713 3379 consuetudinem,
727 3347 730 3354 ,
746 3275 872 3374 partim
896 3277 1087 3367 rationem,
1113 3271 1256 3348 nonmx

154 3483 273 3552 ,Desunt
291 3481 434 3554 quaedem]
452 3497 495 3554 ep.
537 3481 597 3539 Non
614 3483 695 3539 inulte
711 3480 804 3540 deesse
828 3481 854 3537 ln
871 3466 999 3548 principio
1022 3476 1098 3534 huius
1115 3475 1184 3539 libri,

56 3565 86 3604 ex
104 3551 162 3621 ipso
179 3569 276 3622 genere
290 3567 402 3623 rerum,¹
416 3569 484 3626 quare
500 3552 594 3644 deinde
612 3560 769 3620 tractantur,
794 3558 909 3621 apparet.

77 3669 80 3676 ’
165 3658 525 3738 l..sex1ibros]om.FH.
550 3675 577 3724 et
601 3673 635 3726 G.
662 3669 704 3726 hic
726 3685 785 3723 enm
808 3665 976 3733 sequentibus
1000 3679 1040 3718 vv.
1065 3663 1183 3728 Graecis,

56 3744 144 3798 relicta
160 3745 252 3800 locunt
269 3745 343 3797 unius
362 3749 389 3795 et
405 3742 509 3796 dimidii·
519 3757 617 3796 versus.
745 3741 813 3808 ’περὶ
829 3734 987 3803 danoaldus]
1006 3738 1064 3804 sept
1082 3729 1183 3796 α’ναμα-

57 3815 112 3874 λίας
130 3831 154 3869 a.
188 3813 396 3886 perianomalias
413 3815 471 3867 FH.
578 3813 635 3865 heis
652 3809 738 3877 libris]
751 3811 852 3878 scripsi.
889 3808 932 3862 1ιεί
949 3805 998 3875 (tei
1010 3805 1104 3874 ella.)
1121 3805 1185 3858 libri

57 3884 145 3952 (libret
162 3887 212 3956 Η.)
231 3886 306 3941 codd.
334 3885 368 3939 cl'.
386 3885 526 3950 Braslntio.
648 3878 797 3948 ἀναλογίαν]
815 3897 839 3934 a.
883 3879 1029 3952 analogian
1045 3879 1078 3932 F.
1102 3893 1184 3928 ·ana-

56 3955 153 4026 logiam
171 3959 206 4016 H.
234 3951 379 4012 lucioli.
499 3954 636 4023 sermonis]
655 3955 713 4008 cod.
731 3955 763 4007 Β,
799 3969 929 4004 sermones
946 3949 1030 4005 codd:
1047 3948 1093 4003 sed
1111 3949 1145 4002 de
1162 3966 1186 4003 c.

58 4027 118 4080 nihil
135 4031 253 4083 traditur.
384 4024 429 4094 (id
446 4027 519 4098 quod
536 4035 578 4078 eet
595 4025 738 4092 verum),·]
765 4023 844 4078 Hunc
868 4027 953 4077 locum
979 4021 1188 4090 interpungendu

59 4100 166 4164 restitut.
203 4101 308 4158 Priores
328 4105 389 4152 ante
407 4097 442 4148 Id
460 4097 532 4170 quod
549 4097 701 4151 seutentiam
719 4093 752 4148 ad
770 4097 847 4149 finem
865 4096 1016 4165 perdoctam
1034 4107 1092 4146 esse
1110 4099 1188 4165 puta-

59 4174 152 4224 verant.
302 4169 384 4241 qood]
403 4187 463 4222 cum
480 4169 557 4224 codd.
602 4169 652 4222 lllo
676 4168 864 4220 adsertorum
883 4181 976 4220 nexum
1002 4164 1187 4217 restituendum

60 4257 123 4306 opus
144 4249 221 4307 ¹erot;
247 4247 320 4294 certe
343 4241 470 4308 quicum
494 4241 643 4305 retinuerit,
668 4240 693 4292 ei
716 4238 810 4294 deinde
831 4233 925 4293 sitem
950 4235 1114 4292 scribendum
1138 4239 1186 4287 est.

60 4311 98 4362 Cl.
118 4329 175 4368 eum
193 4313 217 4367 lr.
238 4315 262 4379 §-
282 4313 385 4367 Gellius
403 4310 437 4366 N.
456 4307 487 4366 Αἱ.
505 4309 546 4377 11,
565 4315 610 4368 25.
