2866 4812
462 211 499 312 t.
531 229 578 294 aa
604 255 653 268 «-
681 226 743 296 ss.
971 203 976 222 “
1104 215 1183 292 rsa

50 398 170 570 quoips
202 395 301 471 verbi
337 397 524 497 singularis
551 425 653 472 casus
683 411 797 478 rectus
822 413 1001 500 correptus
1028 430 1068 476 ac
1091 405 1182 478 facta

50 510 115 570 tra
157 526 187 570 s.
586 507 591 519 “

145 626 215 700 M.
256 629 301 700 In
325 628 467 703 Medio:

131 751 312 820 Coclitum
324 755 484 842 camilla,
498 766 710 847 exspectato
721 757 886 842 advenis,
900 759 1001 828 salve
1016 759 1162 853 hospita
1171 789 1225 852 ‚ea

50 857 304 965 camillum.
334 875 395 970 qui
427 873 633 971 glossemata
664 874 898 969 interpretati,
934 876 1096 950 dixerunt
1121 879 1181 949 ad·
1283 863 1286 874 ¹

49 973 260 1067 ministram3
292 975 385 1045 addi
412 989 567 1072 oportet,
608 979 645 1046 in
671 975 727 1046 bis
754 1000 844 1071 quae
868 979 1077 1076 occultiora3
1115 983 1251 1070 ita-(⁷2)

49 1097 112 1168 que
138 1073 267 1146 dicitur
295 1077 690 1173 nuptiiscamillus,
709 1115 712 1124 ·
730 1078 791 1173 qui
819 1102 996 1151 cumarum
1020 1082 1108 1172 fert,
1144 1085 1182 1154 iu

49 1199 113 1267 quo
134 1176 220 1271 quid
239 1179 302 1270 sit,
316 1181 365 1249 'in
385 1180 573 1250 ministerio
595 1179 750 1276 plerique
772 1180 985 1252 extrinsecus
1007 1186 1177 1256 nesciunt.
1191 1202 1243 1270 {22

48 1274 141 1346 Hine
168 1275 397 1350 Casmilus
423 1282 619 1351 nominatur
645 1278 874 1353 Samothrece
906 1286 1078 1380 mysteriis
1104 1285 1180 1358 dius

50 1376 185 1471 quidam
220 1381 421 1452 administer
453 1383 532 1452 Diis
563 1383 719 1479 Magnis.
781 1382 940 1455 Verbum
971 1411 1045 1456 esse
1071 1385 1181 1458 Grae-

19 1559 22 1566 Ι
50 1501 123 1594 eum
150 1479 319 1578 arbitror,
348 1482 442 1581 quod
469 1484 562 1582 apud
581 1482 836 1557 Callimachum
860 1486 898 1556 in
919 1489 1086 1583 po'e'matis
1108 1488 1181 1560 cius

49 1605 175 1655 invent.
697 1599 699 1609 '

143 1710 215 1784 55.
251 1711 363 1811 Apud
389 1714 565 1786 Ennium:

126 1833 266 1906 Sabzia>
288 1840 474 1938 quondam
491 1840 661 1909 morinos
678 1851 839 1932 propter
859 1841 1011 1912 astabat
1020 1847 1158 1940 plagas
1166 1876 1178 1936 5
1273 1846 1278 1857 ’

50 1950 207 2025 subulo
235 1956 370 2048 dictus,
406 1956 501 2053 quod
525 1960 571 2029 ita
598 1959 717 2030 dicunt
741 1957 900 2030 tibicines
921 1959 1053 2053 Tusci3
1091 1986 1176 2057 quo·
1283 1978 1285 1985 ’

50 2054 133 2126 eirca
159 2055 294 2130 radices
317 2061 391 2130 eius
413 2061 449 2130 in
475 2059 640 2153 Etruria,
666 2085 737 2131 non
762 2060 865 2132 Latio
890 2061 1122 2158 quaerundae.

48 2277 74 2328 P.
91 2283 133 2333 Se.
151 2282 183 2336 L.
200 2285 233 2349 V,
253 2289 277 2337 1.
296 2305 321 2354 p.
332 2292 375 2339 53.
497 2297 586 2340 rectus
605 2287 753 2356 correptus]
771 2287 917 2356 Scioppius.
953 2295 1023 2336 recte
1042 2295 1175 2336 correctus

50 2348 194 2421 (correptus
213 2373 236 2407 a.
261 2364 291 2409 ut
305 2356 419 2423 videtur)
438 2357 513 2411 codd.

149 2461 206 2528 34.
229 2477 330 2545 Medio]
342 2479 420 2532 GHb.
456 2480 536 2530 Medo
550 2480 597 2532 Fa.
622 2479 654 2531 ci.
666 2495 744 2546 supra
756 2485 881 2530 annotata
893 2477 926 2528 ad
937 2477 982 2541 Vl,
997 2481 1040 2527 60.
1075 2476 1173 2527 Versus

49 2552 82 2596 est
98 2548 217 2614 Pacuvii,
243 2551 316 2602 cuius
335 2548 417 2603 Medii
435 2568 455 2602 s.
470 2553 543 2603 Medi
561 2553 641 2604 multa
656 2557 728 2603 extat
745 2553 850 2602 mentio.
888 2549 973 2600 Ennio
992 2547 1126 2614 tragoedia
1143 2564 1174 2599 eo

49 2620 141 2673 nomine
167 2622 292 2688 inscripta
317 2639 383 2674 nunc
408 2639 457 2674 non
488 2625 656 2688 tribueretur,
692 2624 740 2675 nisi
764 2622 789 2676 b.
808 2623 824 2675 l.
848 2619 1026 2687 interpolando
1058 2618 1174 2670 additum

49 2697 123 2741 esset:
147 2693 263 2745 Ennius.
298 2693 383 2746 Bothe
400 2695 431 2746 P.
444 2696 487 2747 Se.
499 2695 530 2746 L.
543 2695 575 2760 V,
589 2699 613 2746 1.
633 2713 658 2762 p.
668 2699 712 2746 56.
836 2691 979 2758 camillam]
995 2689 1173 2758 conifscripsi.

50 2761 148 2810 camilla
167 2763 243 2818 codd.
393 2765 507 2833 nuptiis]
524 2766 555 2817 F.
593 2763 743 2832 innuptiis
761 2763 836 2817 codd.
871 2763 938 2816 Illud
955 2763 1050 2814 retinui
1067 2767 1175 2829 prepter

51 2831 149 2885 Similem
167 2851 243 2886 usum
261 2834 378 2900 ablativi,
397 2836 443 2902 Vl,
462 2841 504 2889 13.
516 2836 625 2903 (ludu)
644 2837 690 2902 Vl,
708 2841 753 2892 42.
773 2835 923 2904 (comitiis).
1038 2831 1171 2900 carrrillus]

49 2897 69 2950 b.
91 2910 118 2954 ut
134 2905 250 2969 videtur,
278 2907 345 2958 deut
363 2908 420 2959 cod.
439 2907 470 2960 Β.
490 2913 517 2958 et
534 2908 679 2959 Turnebus.
722 2907 859 2958 scamillos
874 2907 947 2958 FGa.
989 2903 1118 2956 scanillus
1138 2903 1195 2965 H.¹
1300 2909 1303 2915 '

51 2979 184 3042 cameram]
204 2977 349 3031 Turnebus.
394 2996 453 3027 anai
476 2996 576 3029 merum
595 2979 669 3030 codd.
723 2979 764 3030 Gi.
782 2979 875 3032 Festus
894 2994 915 3030 s.
934 2993 974 3028 vv.
993 2989 1123 3046 cumemm
1147 2980 1174 3024 et

49 3057 166 3098 cumeram
192 3067 217 3117 p.
233 3052 275 3098 38.
290 3051 333 3102 48.
351 3047 469 3102 Lindem.
618 3049 647 3100 in
666 3048 822 3112 ministerio]
841 3050 912 3100 iunxi
931 3063 989 3098 cum
1006 3045 1172 3110 sequentibus

49 3119 74 3162 ut
95 3115 121 3165 in
145 3138 196 3188 quo
221 3119 356 3185 adipsum
379 3136 509 3173 cumarum
526 3121 666 3187 pertineret
684 3127 712 3170 et
726 3119 847 3190 plerique
871 3116 903 3169 ad
923 3132 983 3182 eos,
1008 3117 1052 3183 qui
1069 3121 1129 3166 suut
1146 3116 1172 3167 in
1264 3151 1267 3160 .

48 3185 192 3256 ministerio,
210 3190 243 3240 ad
261 3192 405 3257 ministros,
424 3194 467 3258 qui
484 3193 578 3244 camilli
596 3191 754 3243 dicebantur.
875 3188 1007 3255 nesciant]
1026 3187 1169 3251 Turnebus.

50 3267 150 3310 nectunt
168 3261 244 3314 codd.
362 3265 541 3330 Samothrece]
557 3263 631 3315 codd.
650 3264 699 3314 nisi
717 3260 785 3328 quod
802 3270 953 3311 samocrale
970 3261 996 3311 b.
1033 3258 1171 3326 Adoptauit

50 3339 98 3378 eum
114 3329 220 3386 lormam
238 3335 348 3400 scriptor
366 3351 400 3388 ex
417 3336 494 3399 Iade,
512 3337 578 3386 sicut
596 3349 674 3400 supra
692 3335 726 3398 V,
746 3336 787 3386 14.
827 3333 930 3394 Tlrrcca
947 3331 1110 3406 scribendum
1129 3329 1168 3379 vi-

50 3395 154 3457 debatur.
192 3407 344 3471 Quanquam
357 3408 390 3471 V,
408 3412 451 3460 58.
470 3408 567 3458 nullum
586 3403 660 3457 buius
678 3405 775 3456 formae
792 3405 929 3469 vestigium
947 3404 974 3454 in
992 3401 1066 3454 codd.
1086 3404 1165 3452 extat.

50 3473 181 3538 mysteriis]
200 3475 324 3542 mysteria
341 3493 365 3528 a.
402 3475 527 3546 ruystoris
542 3478 576 3529 H.
601 3477 634 3530 ci.
652 3483 737 3532 annot.
753 3475 831 3539 adV,
847 3480 890 3526 33.
1005 3470 1165 3536 ἅίαδ]οθἆᾶι
1263 3519 1267 3525 ,
1300 3467 1324 3524 '-
1353 3449 1361 3460 =
1417 3551 1418 3568 ¹

50 3537 116 3617 Quod
133 3547 180 3597 uisi
199 3547 266 3598 sorte
281 3563 314 3598 ex
329 3547 402 3600 divos
416 3555 564 3614 corruptum
579 3555 632 3613 est,
650 3565 665 3600 a
681 3549 796 3600 Varrone
814 3551 952 3612 usurpatur
969 3542 1002 3594 ad
1021 3544 1165 3610 exemplum

51 3608 90 3656 Dii
106 3615 189 3680 Fiat,
216 3618 250 3669 dc
269 3634 319 3684 quo
338 3619 369 3683 V,
386 3625 428 3672 66.
465 3619 551 3672 Etiam
576 3621 702 3687 superiori
729 3622 785 3671 loco
804 3618 857 3681 VI,
875 3621 899 3668 4.
924 3613 957 3664 ab
977 3615 1025 3664 lrac
1043 3614 1090 3664 dcc
1109 3613 1164 3662 dics

50 3685 155 3741 l⁰Q1dio
177 3705 193 3740 a
216 3689 367 3755 quibusdam
389 3685 510 3756 hiscum,
537 3700 566 3742 ut
590 3692 685 3742 iactum
710 3697 749 3742 est
773 3691 799 3740 iu
824 3687 881 3739 cod.
900 3687 933 3742 B.
959 3691 1037 3750 atque
1054 3686 1080 3736 in
1097 3685 1163 3735 Lex.

49 3745 147 3808 Forcell,
316 3759 517 3829 Callimachum]
543 3763 575 3814 ci.
595 3763 694 3814 Statius
712 3761 846 3812 Tullianus
870 3775 911 3826 ap.
931 3757 1047 3809 Maerob.
1065 3756 1120 3820 lll,
1138 3760 1163 3805 8.

50 3815 137 3892 Nempe
156 3827 326 3884 Callimachus
344 3831 377 3882 dc
394 3832 585 3898 Tyrrhenarum
602 3835 629 3884 in
648 3831 824 3885 Samothracia
841 3831 971 3882 Mercurio
986 3831 1087 3880 locutus
1101 3832 1164 3889 erat,

50 3905 113 4010 paen
131 3899 254 3960 Cadmum
279 3910 306 3956 ct
324 3903 466 3957 Cadmilunr
486 3906 540 3961 sive
559 3906 698 3959 Casmilum
723 3905 819 3956 dictum
844 3917 915 3966 esse,
942 3902 1030 3952 multis
1056 3898 1163 3951 testibus

60 3977 160 4024 erremus.
634 3979 636 3988 '
724 3989 728 4000 ·
984 3999 985 4002 ¹

70 4150 75 4162 ¹
147 4073 199 4140 35.
219 4091 347 4156 Ennium]
365 4092 437 4144 Idem
454 4108 543 4144 versus
560 4093 655 4159 legitur
671 4091 739 4161 apud
757 4092 862 4144 Festum
881 4107 901 4146 s.
917 4105 941 4142 r.
960 4088 1051 4144 subulo
1069 4089 1164 4154 p.2d6.

50 4145 152 4212 Lindem.
204 4164 276 4216 Inter
292 4165 412 4230 reliquias
430 4165 583 4222 incertarum
602 4165 793 4229 tragoediarum
819 4161 904 4215 Bothe
922 4162 952 4213 P.
971 4160 1015 4212 Sc.
1034 4158 1070 4210 L:
1085 4158 1117 4209 V.
1137 4161 1161 4210 1.

50 4231 119 4306 1³:70.
144 4237 227 4286 ¹1:22.
392 4235 501 4305 plagas]
521 4237 616 4303 sumpsi
634 4247 685 4287 ex·
699 4236 786 4288 Festo.
839 4250 925 4303 aquas
944 4231 1067 4283 Varronis
1086 4227 1161 4280 codd.

49 4286 132 4351 bunun
149 4304 275 4362 Herodoti
294 4309 464 4361 narrationem
482 4306 536 4372 bic,
563 4314 591 4359 ut
610 4308 673 4359 alias
690 4323 798 4375 quoquc
820 4307 902 4358 ab÷eu
922 4304 1018 4358 laetum
1036 4301 1162 4370 suspicor,
