2874 4804
253 221 338 298 250
489 293 492 302 ,
647 245 998 296 nruunnncruus
1107 255 1110 262 ·

255 410 301 484 ad
333 407 478 482 alterum
516 407 735 480 victoriatum
771 406 860 480 alter
892 408 1067 481 denarius.
1136 405 1199 482 Sic
1231 408 1314 480 item
1350 410 1384 478 iu
1434 445 1435 464 r

257 513 333 586 aliis
364 510 469 584 rebus
499 507 660 582 omnibus
690 511 913 607 proportione
943 511 1107 584 dicuntur
1137 535 1197 582 ea:
1243 511 1282 580 iu
1315 533 1385 605 quo

255 622 312 686 est
342 615 393 684 sic
425 609 642 711 quadruplex
673 622 817 704 natura,
856 623 897 683 nt
928 613 964 683 in
997 608 1165 714 progenie
1193 611 1386 708 quomodo*
1434 629 1435 636 ’

256 725 310 788 est
329 713 432 802 'lilius
464 712 509 784 ad
541 723 694 808 patrem,
736 713 786 784 sic
819 723 870 784 est
905 713 973 786 lilia
1005 713 1051 785 ad
1079 722 1244 805 matrem,
1285 722 1323 784 ct
1352 725 1389 782 ut
1434 761 1435 770 η

255 827 312 890 est
342 818 378 886 in
401 812 614 912 temporibus
637 813 795 886 meridies
819 813 864 885 ad
890 814 1003 907 diem,
1038 817 1089 887 sic
1112 813 1224 886 media
1247 839 1320 884 nox
1346 813 1387 884 ad

165 917 169 922 “
255 929 406 991 noctem.
531 912 599 986 42.
638 913 722 988 Hoc
747 923 867 1012 potitae
891 942 1017 1014 genere
1042 919 1079 987 in
1104 914 1386 988 similitudinibus

255 1029 424 1113 utuntur3
465 1016 612 1088 multum
644 1015 713 1089 hoc
753 1019 952 1090 acutissime
988 1030 1203 1116 geometrae3
1247 1015 1319 1086 hoc
1353 1019 1387 1086 in

257 1122 410 1194 oratione
441 1117 662 1216 diligentius,
699 1144 803 1215 quam
837 1119 917 1213 atii,
957 1118 1002 1190 ab
1028 1115 1237 1191 Aristarcho
1271 1143 1386 1216 gram·

257 1223 397 1313 matici‚
437 1231 497 1312 ut,
534 1246 640 1317 quom
682 1220 844 1292 dicuntur
883 1223 1104 1318 proportione
1146 1219 1271 1292 similia
1313 1245 1387 1292 esse

258 1348 450 1396 amorem
483 1324 644 1412 amori,
682 1322 882 1395 dolorem
908 1323 1078 1415 dolori,
1114 1348 1219 1419 quom
1244 1323 1293 1391 ita
1319 1321 1387 1391 dis·

82 1425 85 1436 .
199 1454 247 1498 sss
258 1424 368 1497 simile
398 1450 473 1496 esse
506 1423 647 1494 videant
678 1450 830 1497 amorem
862 1435 895 1495 et
929 1424 1060 1516 dolori,
1100 1423 1195 1521 quod
1228 1435 1286 1494 est
1322 1422 1389 1493 alio

204 1514 367 1618 *casu,
403 1528 484 1597 item
516 1525 668 1598 dolorem
695 1538 729 1598 et
754 1516 876 1598 dolori.
1043 1522 1112 1597 45.
1150 1523 1224 1596 Sed
1248 1525 1387 1616 dicunt,

259 1627 354 1724 quod
380 1625 423 1698 ab
449 1626 617 1698 similibus
643 1653 892 1724 nonnunquam
919 1629 1070 1700 rationes
1101 1624 1205 1697 babet
1230 1625 1388 1722 implica·

259 1740 312 1800 tas
338 1726 445 1818 duas,
474 1738 513 1798 ut
537 1729 581 1799 sit
606 1755 675 1799 una
701 1730 858 1820 derecta,
888 1728 994 1802 altera
1019 1741 1226 1801 transversa.
1282 1727 1389 1818 Quod

260 1828 339 1901 dico
359 1829 523 1926 apertius,
544 1829 594 1898 sic
615 1827 686 1900 liet.
730 1831 819 1901 Esto
843 1831 895 1901 sic
918 1833 1092 1927 expositos
1112 1855 1188 1900 esse
1209 1855 1386 1919 numeros,

259 1940 299 2002 ut
323 1933 359 2001 in
384 1931 496 2027 primo
519 1954 623 2000 versu
643 1932 688 2002 sit
708 1957 837 2022 unum,
865 1931 953 2021 duo,
980 1943 1146 2028 quatuor:
1174 1931 1389 2002 insecundo

261 2031 395 2123 decem,
423 2032 559 2128 viginti,
589 2032 837 2130 quadraginta:
869 2033 906 2103 in
929 2036 1030 2104 tertio
1051 2043 1202 2125 centnm,
1232 2031 1387 2124 ducenti,

210 2155 214 2164 ·
261 2131 516 2230 quadringenti.
570 2131 613 2203 In
639 2133 706 2206 hac
732 2133 890 2204 formula·
910 2161 1132 2207 numerorum
1159 2133 1227 2205 duo
1250 2135 1390 2206 inerunt

203 2251 351 2329 1thth
377 2234 453 2304 (lixi
475 2233 603 2327 λόγοι,
639 2238 699 2332 qui
725 2235 887 2307 diversas·
905 2236 1034 2308 saciant
1059 2235 1259 2334 analogias:
1288 2263 1389 2306 unus

260 2334 388 2432 duplex
416 2337 476 2432 qui
499 2347 551 2408 est
583 2338 619 2407 in
646 2337 795 2435 obliquis
820 2335 1000 2429 versibus,
1034 2337 1128 2435 quod
1154 2349 1205 2409 est
1235 2347 1274 2408 ut
1299 2365 1391 2410 unus

197 2437 304 2526 {r-oad
325 2438 408 2529 duo,
432 2439 482 2509 sic
505 2439 573 2511 duo
594 2439 639 2510 ad
657 2433 823 2537 quatuor:
851 2439 938 2510 alter
959 2437 1159 2537 decemplex
1181 2441 1218 2509 in
1240 2438 1391 2510 derectis

260 2538 461 2633 ordinibus,
497 2540 591 2638 quod
614 2553 666 2613 est
691 2551 729 2612 ut
753 2567 843 2612 unus
870 2540 914 2611 ad
941 2540 1080 2634 decem,
1117 2543 1168 2611 sic
1194 2540 1316 2611 decern
1347 2540 1393 2611 ad

188 2651 256 2718 (135
268 2651 419 2711 centum.
535 2638 603 2712 M.
641 2642 808 2715 Similiter
832 2643 868 2712 in
893 2641 1077 2715 verborum
1104 2640 1393 2714 declinationibus

260 2751 312 2813 est
336 2739 488 2834 bivium,
529 2743 623 2839 quod
648 2754 684 2815 et
707 2743 749 2814 ab
780 2754 875 2836 recto
899 2769 982 2814 casu
1013 2744 1220 2816 *declinatur
1242 2745 1279 2813 in
1302 2742 1394 2814 obli·

259 2869 386 2939 quom‚
421 2855 455 2914 et
486 2842 529 2913 ab
556 2857 651 2917 recto
675 2846 773 2916 casu*
800 2847 1017 2939 innectum,
1055 2848 1103 2918 ita
1136 2858 1174 2917 ut
1205 2843 1393 2916 formulam

259 2943 415 3017 similiter
448 2945 617 3019 efficiantz
655 2947 749 3044 quod
767 2947 826 3032 ‘sit
858 2948 970 3044 primo
1003 2973 1109 3020 versu
1139 2947 1197 3018 bic
1230 2945 1391 3042 albuS,

266 3183 308 3234 ug.
328 3184 379 3222 om.
414 3170 454 3220 De
477 3171 592 3236 sequenti
616 3169 644 3221 in
670 3189 722 3242 qno
746 3187 808 3224 vere
830 3171 928 3223 monuit
952 3171 1075 3240 Spengel.
1094 3171 1201 3224 Emend.
1220 3171 1300 3224 Varr.
1320 3191 1345 3240 p.
1360 3179 1388 3224 7.

262 3257 287 3293 v.
306 3255 364 3291 ann.
384 3239 417 3290 ad
435 3243 467 3306 V,
488 3246 547 3292 108.
575 3247 601 3293 et
628 3243 661 3295 cl.
687 3243 754 3295 dicta
780 3243 881 3306 cdvi,
900 3247 943 3295 39.
975 3244 1088 3308 1x‚or.
1238 3243 1393 3313 quomodo*]

263 3313 330 3363 coni.
368 3329 445 3380 quom
464 3313 515 3364 Ha.
553 3331 611 3362 cum
629 3313 686 3365 FG.
729 3315 768 3367 De
787 3316 975 3382 permutatione
992 3331 1032 3368 vv.
1052 3313 1180 3384 quomodo
1198 3319 1225 3365 et
1242 3333 1324 3386 quom
1341 3316 1393 3366 dixi

261 3382 287 3436 in
305 3384 477 3436 Praefatione.
590 3383 639 3449 sic]
659 3401 700 3450 vg.
736 3386 775 3436 sic
792 3385 817 3434 si
834 3386 909 3437 codd.¹

373 3483 426 3547 42.
452 3473 590 3566 dicuntur]
610 3484 685 3551 codd.
723 3501 816 3551 dicunt
835 3517 877 3568 vg.
913 3503 981 3555 Illud
999 3505 1080 3554 multo
1098 3503 1190 3570 aptius.
1279 3519 1392 3553 amorem

261 3575 289 3618 et
307 3567 404 3636 dolori]
418 3571 516 3638 scripsi.
548 3587 661 3620 amorem
675 3579 703 3619 et
716 3571 830 3624 dolorem
848 3573 922 3626 codd.
953 3593 1065 3626 amorem
1083 3573 1167 3625 dolori
1178 3589 1219 3640 vg.
1247 3573 1392 3642 Propterea

262 3641 340 3695 etiam
359 3643 554 3708 sequentiloeo
571 3650 599 3691 et
617 3640 711 3694 addidi.

376 3740 427 3806 43.
450 3755 640 3826 absimilibus]
664 3759 773 3813 Videtur
796 3760 859 3814 baec
886 3761 1001 3816 teclrnica
1026 3762 1106 3815 luisse
1124 3763 1219 3830 dictio,
1244 3765 1391 3830 significans

263 3827 397 3879 formulam
417 3828 589 3882 declinatuum
607 3831 639 3882 ab
658 3833 782 3885 similibus
801 3835 878 3886 rectis
895 3833 1112 3886 descendentium.
1229 3834 1391 3904 implicatas]

264 3898 418 3967 duplicatus
437 3900 497 3954 GH.
578 3901 694 3968 derecta]
713 3904 760 3956 Fa.
797 3904 899 3954 directa
918 3913 980 3958 cett.
1066 3906 1174 3955 ducenti
1191 3907 1392 3978 quadringente]

263 3969 294 4051 F:
338 3969 445 4020 ducenti
470 3971 638 4042 qucrrigenri
663 3991 686 4027 a.
735 3993 770 4028 ec.
790 3993 857 4028 cccc.
875 3977 936 4029 GH.
984 3975 1100 4026 ducenta
1126 3976 1328 4048 quadringenta
1352 3995 1391 4043 vg.

263 4040 343 4106 loyor]
369 4043 459 4111 scripsi
486 4043 609 4096 suadente
633 4046 757 4100 Victorio.
802 4046 875 4117 logos
893 4048 938 4112 u,
963 4049 1072 4100 fortasse
1098 4054 1177 4100 recte.
1223 4049 1297 4119 logos
1317 4051 1390 4102 GHa.

258 4111 383 4180 saciant]
402 4113 478 4166 codd.
514 4115 629 4184 faciunt
648 4133 689 4182 vg.
841 4117 964 4186 derectis]
984 4117 1092 4171 directis
1110 4120 1201 4185 codd,
1227 4122 1250 4172 ai
1274 4126 1392 4174 accurate

263 4185 377 4234 notatum
396 4190 443 4235 est·
478 4185 514 4236 Et
531 4187 569 4238 sic
587 4187 664 4239 etiam
682 4191 705 4252 §.
719 4191 761 4240 44.

374 4283 427 4350 44.
455 4297 618 4355 *declinatur
635 4304 663 4354 in
682 4302 828 4374 obliquent,
854 4315 879 4356 et
900 4306 934 4358 ab
955 4317 1027 4360 recto
1047 4309 1136 4374 σπη’]
1155 4310 1221 4362 coni.
1240 4308 1343 4372 addidi,
1367 4321 1391 4359 nt
