2874 4804
457 218 494 320 §-
524 236 573 304 aa
597 261 647 276 -
667 227 732 303 ao.
1082 219 1163 298 col

39 429 116 501 baie
151 425 275 519 albo,
314 426 419 498 huius
450 423 567 520 alli3
613 422 767 498 secundo
800 422 887 498 baec
919 425 1045 521 alba,
1081 429 1164 504 buic

38 529 177 623 albae,
211 529 317 602 buius
341 527 490 620 albae3
525 527 625 598 tertio
650 524 719 597 boc
741 524 912 618 album,
935 528 1017 600 buic
1043 529 1160 623 albo,

39 631 135 703 buius
166 630 280 724 albi3
308 631 432 727 'itaque
463 628 552 700 liunt
580 653 644 725 per
668 626 827 726 obliquas
852 627 1095 702 declinationes
1121 659 1164 705 ex

40 732 90 802 bis
117 733 295 831 analogiae
327 731 395 804 boc
421 756 551 828 genus:
592 725 760 802 Albius
790 725 979 824 Asai-ius,
1018 728 1163 806 Albio

38 831 193 928 Atrio,
236 834 339 931 *quae
365 833 499 904 scilicet
524 834 588 902 erit
644 831 789 902 articula
822 833 957 904 exilia
988 832 1159 928 binaria*;

37 961 95 1032 per
120 936 277 1007 derectas
303 933 571 1005 declinationes:
656 932 781 1004 lbius
803 927 993 1025 Atrius,
1020 931 1162 1008 Albia

37 1034 187 1129 Atria,
219 1037 322 1133 *quae
349 1034 482 1108 scilicet
507 1036 703 1106 centenaria
735 1033 883 1113 formula
909 1035 1159 1136 analogiarum,

38 1136 76 1210 de
100 1164 171 1235 qua
198 1163 304 1235 supra
331 1135 416 1208 dixi.
590 1139 595 1150 '

133 1257 204 1330 45.
241 1255 417 1355 Analogia
442 1282 531 1355 quae
557 1257 702 1349 dicitur,
730 1258 805 1329 eius
829 1245 957 1356 genera
975 1257 1158 1332 suardus.
1227 1335 1233 1346 ,
1298 1321 1303 1338 .

37 1359 150 1431 Unum
179 1360 378 1431 deiuaclum
403 1360 455 1429 sic
480 1368 553 1428 est:
582 1371 621 1430 ut
646 1387 754 1430 unum
778 1358 828 1448 ad¹
848 1359 938 1450 duo,
965 1361 1016 1430 sic
1043 1358 1162 1431 decem

36 1461 75 1530 ad
100 1463 247 1560 viginti,
285 1461 430 1532 alterum
457 1461 703 1551 coniunctum,
737 1462 809 1532 sic:
843 1472 881 1531 ut
906 1470 1090 1531 estonum
1116 1461 1162 1534 ad

36 1561 123 1653 duo,
157 1565 210 1632 sic
236 1562 305 1633 diro
330 1561 374 1632 ad
398 1572 566 1657 quatuor,
592 1562 628 1631 in
653 1560 721 1632 boc
748 1560 842 1658 quod
869 1560 937 1633 duo
963 1559 1015 1632 bis
1040 1561 1161 1633 dicuu-

34 1673 97 1756 tur,
126 1672 162 1734 et
185 1688 264 1733 cum
287 1663 497 1734 conferimus
519 1660 563 1732 ad
584 1688 710 1754 unum,
739 1674 773 1734 et
795 1674 868 1750 tum
892 1688 971 1734 cum
995 1675 1156 1760 quatuor.

34 1761 97 1835 46.
127 1763 214 1835 Hoc
234 1789 372 1864 quoque
387 1775 509 1835 natura
525 1763 651 1835 dicitur
664 1762 899 1862 quadruplex,
924 1767 974 1837 sic
990 1790 1010 1837 e
1029 1776 1159 1863 septem
1170 1777 1222 1847 ΞΕ

35 1987 92 2047 puto
111 1979 270 2032 necessaria.
303 1992 305 1996 ’
356 2035 359 2042 ⁴
392 1978 506 2043 rectam]
525 1981 592 2031 coni.
629 1986 700 2029 recto
718 1977 794 2032 codd.
914 1977 964 2028 boc
980 1977 1078 2046 genas]
1095 1977 1161 2031 Post

38 2051 62 2104 h.
78 2069 116 2104 vr.
137 2051 265 2116 quaedam
284 2047 376 2100 deesse
394 2067 437 2116 vg.
462 2052 629 2117 significatur.
674 2050 728 2102 Sed
753 2050 822 2102 nulla
846 2064 940 2115 cuasa,
965 2050 1013 2100 uisi
1031 2048 1100 2116 quod
1119 2049 1161 2103 bic

36 2122 103 2174 locus
121 2123 154 2174 ab
174 2123 342 2173 diasceuastis
359 2121 426 2185 illis,
453 2122 545 2186 quibus
568 2121 632 2174 baec
656 2122 772 2174 recensio
798 2121 920 2186 debetur,
945 2137 996 2173 uon
1014 2122 1161 2174 intellectus

38 2201 81 2246 est.
123 2194 153 2245 lu
173 2193 248 2244 codd.
269 2191 332 2243 baec
351 2193 541 2246 continuantur.
637 2211 639 2216 ¹
691 2191 805 2255 Albius,
823 2191 934 2257 Atrius]
954 2192 1029 2244 codd.
1071 2192 1108 2244 Et
1122 2194 1160 2245 sic

36 2262 94 2316 baec
118 2266 223 2318 nomina
248 2264 438 2327 coniunguntur
462 2263 542 2328 VIll,
565 2267 609 2313 80.
656 2263 763 2329 Aptiora
788 2279 818 2313 ea
843 2263 951 2316 suntad
977 2263 1160 2316 ostendendam

36 2338 191 2402 analogiam,
219 2351 284 2401 quae
309 2335 339 2384 tit
363 2335 529 2402 proportione
554 2334 663 2384 duarum
687 2335 827 2398 rationum,
856 2349 930 2398 quarn
954 2335 1027 2385 albus
1051 2341 1159 2398 stater,

37 2423 97 2472 quae
121 2409 189 2459 inter
214 2422 242 2457 se
268 2405 401 2456 dissimilia
424 2405 504 2456 videri
529 2410 656 2472 poterant.
703 2403 794 2470 anue
820 2404 938 2468 analogia
963 2403 1001 2455 liis
1028 2405 1159 2458 vocabulis

37 2478 167 2546 dupliciter
185 2479 269 2541 inest,
296 2476 401 2528 directis
419 2482 446 2528 et
463 2476 572 2542 obliquis
590 2475 729 2526 ordinibus.
766 2475 855 2526 Habes
880 2472 1028 2528 formulam:

142 2570 272 2636 Obliquus
289 2565 360 2618 ordo.
396 2563 511 2618 Allius:
536 2564 637 2618 Atrius
653 2585 688 2610 =
708 2564 807 2617 Albio:
828 2563 918 2618 Atrio.

132 2643 263 2693 ·l)irectus
287 2639 358 2690 ordo.
393 2635 508 2688 Albius:
533 2637 633 2690 Atrius
650 2657 685 2682 =
704 2635 804 2691 Albia:
830 2635 924 2689 Atria.

36 2725 80 2777 His
104 2728 246 2793 declaravi,
271 2741 337 2793 quae
360 2741 402 2776 me
429 2727 581 2778 retinuerint
605 2727 740 2793 quominus
765 2726 916 2778 accederem
935 2724 1077 2792 Spengelio
1094 2725 1159 2778 scri-

36 2797 116 2851 benti:
144 2799 237 2862 albus,
256 2797 326 2862 albi,
351 2801 395 2848 aut
413 2795 481 2858 albi,
500 2797 577 2857 albo‚·
609 2798 680 2862 atri,
698 2807 777 2856 atro,·
803 2796 872 2851 albi,
892 2794 963 2846 alba.
1077 2797 1159 2866 *quae

36 2870 129 2920 scilicet
147 2872 198 2922 erit
220 2866 361 2938 particula
381 2884 414 2915 ex
432 2867 482 2917 illa
507 2867 634 2934 binaria*]
652 2869 735 2922 Haec
759 2869 784 2920 in
803 2866 878 2920 codd.
902 2869 1022 2934 leguntur
1039 2873 1099 2935 post
1117 2883 1158 2921 vv.

35 2939 127 3006 Albia,
145 2939 246 2996 Atria,
271 2939 320 2993 lioc
338 2938 442 2990 ordine:
467 2956 535 3010 quae
555 2939 655 2994 scilicet
673 2940 725 2988 erit
739 2939 880 3007 particula
904 2955 935 2988 ex
955 2938 1005 2988 illa
1021 2938 1158 2990 vicenario

36 3012 103 3060 atria
122 3013 192 3080 (tria
210 3011 268 3078 vg.)
290 3027 357 3081 quae
376 3011 477 3060 scilicet
500 3009 653 3060 centenaria
666 3009 792 3078 formula
811 3009 1025 3078 analogiarum
1043 3010 1158 3077 Apparet

34 3083 117 3134 ultima
136 3100 236 3137 annexa
256 3083 335 3134 luisse
352 3097 393 3134 vv.
409 3079 493 3133 Albia
511 3080 611 3135 Atria,
630 3097 697 3147 quae
713 3097 772 3132 cum
784 3081 883 3132 directo
901 3079 990 3132 ordine
1008 3078 1040 3130 ab
1058 3080 1156 3146 Albius,
1217 3119 1220 3125 ι

36 3153 117 3206 Atrius
133 3157 311 3218 declinentur,
329 3155 482 3204 conveniunt
500 3154 591 3204 rationi
610 3153 785 3216 centenariae3
804 3158 893 3204 contra
911 3152 996 3218 priora
1010 3150 1157 3206 adhaesisse

34 3236 69 3276 tv.
88 3225 166 3277 Albio
183 3226 281 3287 Atrio,
307 3231 334 3276 et
352 3225 420 3276 dicta
440 3224 517 3276 luisse
543 3224 575 3274 de
600 3225 704 3289 obliquo
730 3224 818 3274 ordine
843 3224 887 3289 qui
911 3231 1073 3292 comparatur
1097 3240 1156 3276 cum

33 3291 122 3348 binaria
140 3299 242 3350 ratione
257 3298 325 3348 illius
343 3297 449 3362 figurae.
486 3295 603 3362 Denique
621 3296 775 3360 intelligitur
793 3293 884 3359 etiam,
909 3295 976 3346 unde
994 3293 1042 3347 bae
1064 3294 1155 3346 turbae

34 3370 182 3434 otterestat,
207 3369 326 3420 nimirum
345 3366 403 3420 hinc
422 3367 490 3433 quod
508 3368 607 3432 Varro,
634 3365 667 3419 ad
681 3367 859 3420 illustrandum
886 3365 989 3419 schema
1006 3367 1075 3433 quod
1093 3381 1155 3434 pro-

33 3447 160 3506 posuerat,
185 3441 263 3493 verba
286 3440 324 3492 sic
340 3441 527 3492 collocaverat:

136 3531 237 3601 Itaque
258 3527 338 3596 fiant
357 3545 408 3596 per
440 3526 562 3598 obliquas
594 3525 781 3577 declinationes
805 3543 839 3576 ex
870 3523 913 3574 bis
939 3523 1081 3596 analogiae
1104 3523 1154 3576 boa

30 3609 123 3660 genus:

303 3667 403 3722 Albius
420 3668 535 3735 Atrius,
563 3666 645 3722 Albio
662 3669 762 3728 Atn‘0;

770 3753 839 3810 qnae
856 3735 957 3787 scilicet
973 3735 1026 3788 erit
1106 3797 1108 3802 Ι

29 3817 72 3867 Per
90 3807 208 3864 derectas
226 3809 414 3864 declinationes
770 3808 908 3876 particula
926 3827 958 3858 ex
974 3807 1024 3860 illa

305 3881 405 3936 Albius
422 3882 522 3935 Atrius
617 3875 619 3882 ⁴
767 3878 873 3931 binaria

305 3953 390 4006 Albia
414 3953 499 4006 Atria
766 3969 834 4023 puae
852 3951 953 4002 scilicet
970 3952 1123 4004 centenaria

780 4021 905 4092 formula
922 4022 1116 4095 analogiarum.

35 4102 154 4180 birraria’]
173 4115 240 4167 coni.
276 4111 407 4165 vicinoria
425 4114 460 4164 G.
497 4110 631 4162 vicenario
650 4111 723 4162 FHa.
751 4110 820 4178 quod
837 4112 881 4164 vix
900 4111 1001 4164 defendi
1020 4114 1122 4180 poterit.

135 4219 186 4285 45.
208 4235 261 4289 sia:
282 4235 325 4301 ut]
344 4235 443 4303 scripsi.
481 4233 551 4284 sicat
570 4236 616 4286 Fa.
653 4218 766 4286 sibGH.
888 4244 915 4286 et
934 4235 1088 4304 cam]coui.
1125 4245 1151 4286 et

33 4303 84 4348 tarn
102 4306 174 4358 codd.
217 4333 220 4338 ,
289 4307 358 4374 tam]
377 4309 409 4358 G.
439 4312 466 4360 et
484 4306 521 4358 H.
545 4313 573 4358 ut
592 4307 699 4360 videtur.
742 4315 809 4356 tanc
826 4309 887 4361 cett.
