<?xml version="1.0" encoding="UTF-8"?>
<!DOCTYPE html PUBLIC "-//W3C//DTD XHTML 1.0 Transitional//EN"
    "http://www.w3.org/TR/xhtml1/DTD/xhtml1-transitional.dtd">
<html xmlns="http://www.w3.org/1999/xhtml" xml:lang="en" lang="en">
 <head>
  <title>
</title>
<meta http-equiv="Content-Type" content="text/html;charset=utf-8" />
  <meta name='ocr-system' content='tesseract 3.04.00' />
  <meta name='ocr-capabilities' content='ocr_page ocr_carea ocr_par ocr_line ocrx_word'/>
</head>
<body>
  <div class='ocr_page' id='page_1' title='image "./mterentivarroni00mlgoog/mterentivarroni00mlgoog_0011.png"; bbox 0 0 2890 4820; ppageno 0'>
   <div class='ocr_carea' id='block_1_1' title="bbox 487 295 1186 376">
    <p class='ocr_par' dir='ltr' id='par_1_1' title="bbox 487 295 1186 376">
     <span class='ocr_line' id='line_1_1' title="bbox 487 295 1186 376; baseline 0.006 -32"><span class='ocrx_word' id='word_1_1' title='bbox 487 300 749 376; x_wconf 43' lang='lat' dir='ltr'><strong>nortonam</strong></span> <span class='ocrx_word' id='word_1_2' title='bbox 1162 295 1186 348; x_wconf 79' lang='lat' dir='ltr'><strong>v</strong></span> 
     </span>
    </p>
   </div>
   <div class='ocr_carea' id='block_1_2' title="bbox 51 453 1264 970">
    <p class='ocr_par' dir='ltr' id='par_1_2' title="bbox 51 453 1264 970">
     <span class='ocr_line' id='line_1_2' title="bbox 55 453 1186 546; baseline 0.006 -24"><span class='ocrx_word' id='word_1_3' title='bbox 55 459 139 538; x_wconf 89' lang='lat' dir='ltr'><strong>neri;</strong></span> <span class='ocrx_word' id='word_1_4' title='bbox 176 475 280 543; x_wconf 89' lang='lat' dir='ltr'><strong>neque</strong></span> <span class='ocrx_word' id='word_1_5' title='bbox 308 477 347 524; x_wconf 83' lang='lat' dir='ltr'><strong>ex</strong></span> <span class='ocrx_word' id='word_1_6' title='bbox 376 477 415 522; x_wconf 88' lang='lat' dir='ltr'><strong>ea</strong></span> <span class='ocrx_word' id='word_1_7' title='bbox 445 474 481 520; x_wconf 92' lang='lat' dir='ltr'><strong>re</strong></span> <span class='ocrx_word' id='word_1_8' title='bbox 531 453 681 543; x_wconf 87' lang='lat' dir='ltr'><strong>nidquam</strong></span> <span class='ocrx_word' id='word_1_9' title='bbox 708 453 813 544; x_wconf 75' lang='lat' dir='ltr'>colligi</span> <span class='ocrx_word' id='word_1_10' title='bbox 849 468 974 545; x_wconf 82' lang='lat' dir='ltr'><strong>potest,</strong></span> <span class='ocrx_word' id='word_1_11' title='bbox 1008 459 1099 546; x_wconf 87' lang='lat' dir='ltr'><strong>qaod</strong></span> <span class='ocrx_word' id='word_1_12' title='bbox 1121 481 1186 530; x_wconf 85' lang='lat' dir='ltr'><strong>noa</strong></span> 
     </span>
     <span class='ocr_line' id='line_1_3' title="bbox 55 477 1185 632; baseline 0.004 -25"><span class='ocrx_word' id='word_1_13' title='bbox 55 539 179 607; x_wconf 83' lang='lat' dir='ltr'>aliunde</span> <span class='ocrx_word' id='word_1_14' title='bbox 212 539 328 608; x_wconf 86' lang='lat' dir='ltr'><strong>certius</strong></span> <span class='ocrx_word' id='word_1_15' title='bbox 364 551 397 608; x_wconf 89' lang='lat' dir='ltr'><strong>et</strong></span> <span class='ocrx_word' id='word_1_16' title='bbox 431 537 452 604; x_wconf 91' lang='lat' dir='ltr'><strong>li</strong></span> <span class='ocrx_word' id='word_1_17' title='bbox 475 477 577 608; x_wconf 84' lang='lat' dir='ltr'><strong>nidins</strong></span> <span class='ocrx_word' id='word_1_18' title='bbox 615 553 794 628; x_wconf 77' lang='lat' dir='ltr'><strong>appareret.</strong></span> <span class='ocrx_word' id='word_1_19' title='bbox 851 543 976 632; x_wconf 65' lang='lat' dir='ltr'><strong>&#39;Neque</strong></span> <span class='ocrx_word' id='word_1_20' title='bbox 1011 543 1185 632; x_wconf 80' lang='lat' dir='ltr'><strong>quidquam</strong></span> 
     </span>
     <span class='ocr_line' id='line_1_4' title="bbox 54 563 1264 714; baseline 0.007 -22"><span class='ocrx_word' id='word_1_21' title='bbox 54 626 191 692; x_wconf 88' lang='lat' dir='ltr'><strong>efficitur</strong></span> <span class='ocrx_word' id='word_1_22' title='bbox 210 647 249 692; x_wconf 82' lang='lat' dir='ltr'><strong>ex</strong></span> <span class='ocrx_word' id='word_1_23' title='bbox 270 647 403 692; x_wconf 90' lang='lat' dir='ltr'><strong>numero</strong></span> <span class='ocrx_word' id='word_1_24' title='bbox 422 563 516 692; x_wconf 68' lang='lat' dir='ltr'><strong>Dltc</strong></span> <span class='ocrx_word' id='word_1_25' title='bbox 538 647 708 706; x_wconf 91' lang='lat' dir='ltr'><strong>annorum,</strong></span> <span class='ocrx_word' id='word_1_26' title='bbox 737 637 815 714; x_wconf 89' lang='lat' dir='ltr'><strong>quot</strong></span> <span class='ocrx_word' id='word_1_27' title='bbox 834 627 917 697; x_wconf 84' lang='lat' dir='ltr'><strong>inter</strong></span> <span class='ocrx_word' id='word_1_28' title='bbox 935 651 1026 697; x_wconf 88' lang='lat' dir='ltr'><strong>suam</strong></span> <span class='ocrx_word' id='word_1_29' title='bbox 1047 641 1185 700; x_wconf 89' lang='lat' dir='ltr'><strong>aetatem</strong></span> <span class='ocrx_word' id='word_1_30' title='bbox 1256 652 1264 662; x_wconf 89' lang='lat'>·</span> 
     </span>
     <span class='ocr_line' id='line_1_5' title="bbox 54 710 1182 801; baseline 0.004 -25"><span class='ocrx_word' id='word_1_31' title='bbox 54 723 85 776; x_wconf 89' lang='lat' dir='ltr'><strong>et</strong></span> <span class='ocrx_word' id='word_1_32' title='bbox 110 710 251 780; x_wconf 81' lang='lat' dir='ltr'><strong>Numam</strong></span> <span class='ocrx_word' id='word_1_33' title='bbox 272 710 460 798; x_wconf 83' lang='lat' dir='ltr'><strong>Pompilium</strong></span> <span class='ocrx_word' id='word_1_34' title='bbox 486 710 704 796; x_wconf 83' lang='lat' dir='ltr'><strong>intercessisse</strong></span> <span class='ocrx_word' id='word_1_35' title='bbox 731 712 842 779; x_wconf 78' lang='lat' dir='ltr'><strong>scribit</strong></span> <span class='ocrx_word' id='word_1_36' title='bbox 866 715 967 780; x_wconf 87' lang='lat' dir='ltr'><strong>Varro</strong></span> <span class='ocrx_word' id='word_1_37' title='bbox 995 713 1092 797; x_wconf 86' lang='lat' dir='ltr'><strong>(Vll,</strong></span> <span class='ocrx_word' id='word_1_38' title='bbox 1114 716 1182 801; x_wconf 78' lang='lat'><strong>3.);</strong></span> 
     </span>
     <span class='ocr_line' id='line_1_6' title="bbox 52 795 1182 887; baseline 0.007 -26"><span class='ocrx_word' id='word_1_39' title='bbox 52 819 123 861; x_wconf 89' lang='lat' dir='ltr'><strong>cum</strong></span> <span class='ocrx_word' id='word_1_40' title='bbox 152 818 215 862; x_wconf 94' lang='lat' dir='ltr'><strong>non</strong></span> <span class='ocrx_word' id='word_1_41' title='bbox 243 796 375 862; x_wconf 88' lang='lat' dir='ltr'><strong>cavillari</strong></span> <span class='ocrx_word' id='word_1_42' title='bbox 400 795 591 876; x_wconf 80' lang='lat' dir='ltr'><strong>debeamus,</strong></span> <span class='ocrx_word' id='word_1_43' title='bbox 621 797 742 864; x_wconf 88' lang='lat' dir='ltr'><strong>etiamsi</strong></span> <span class='ocrx_word' id='word_1_44' title='bbox 764 799 898 887; x_wconf 87' lang='lat' dir='ltr'><strong>scriptor</strong></span> <span class='ocrx_word' id='word_1_45' title='bbox 918 800 950 876; x_wconf 87' lang='lat' dir='ltr'><strong>ip</strong></span> <span class='ocrx_word' id='word_1_46' title='bbox 973 819 1106 868; x_wconf 84' lang='lat' dir='ltr'><strong>numero</strong></span> <span class='ocrx_word' id='word_1_47' title='bbox 1127 825 1182 870; x_wconf 86' lang='lat' dir='ltr'><strong>ex-</strong></span> 
     </span>
     <span class='ocr_line' id='line_1_7' title="bbox 51 879 773 970; baseline 0.003 -25"><span class='ocrx_word' id='word_1_48' title='bbox 51 879 168 967; x_wconf 89' lang='lat' dir='ltr'><strong>plendo</strong></span> <span class='ocrx_word' id='word_1_49' title='bbox 195 881 299 968; x_wconf 90' lang='lat' dir='ltr'><strong>paullo</strong></span> <span class='ocrx_word' id='word_1_50' title='bbox 319 881 528 948; x_wconf 83' lang='lat' dir='ltr'><strong>liberaliorem</strong></span> <span class='ocrx_word' id='word_1_51' title='bbox 550 905 586 948; x_wconf 87' lang='lat' dir='ltr'><strong>se</strong></span> <span class='ocrx_word' id='word_1_52' title='bbox 607 881 773 970; x_wconf 88' lang='lat' dir='ltr'><strong>praestitit.</strong></span> 
     </span>
    </p>
   </div>
   <div class='ocr_carea' id='block_1_3' title="bbox 3 1049 1207 2158">
    <p class='ocr_par' dir='ltr' id='par_1_3' title="bbox 3 1049 1207 2158">
     <span class='ocr_line' id='line_1_8' title="bbox 162 1049 1181 1140; baseline 0.005 -23"><span class='ocrx_word' id='word_1_53' title='bbox 162 1050 218 1117; x_wconf 85' lang='lat' dir='ltr'><strong>Sic</strong></span> <span class='ocrx_word' id='word_1_54' title='bbox 249 1049 413 1119; x_wconf 79' lang='lat' dir='ltr'><strong>Ciceronis</strong></span> <span class='ocrx_word' id='word_1_55' title='bbox 446 1063 479 1120; x_wconf 86' lang='lat' dir='ltr'><strong>et</strong></span> <span class='ocrx_word' id='word_1_56' title='bbox 507 1051 605 1140; x_wconf 83' lang='lat' dir='ltr'><strong>ipsius</strong></span> <span class='ocrx_word' id='word_1_57' title='bbox 633 1051 784 1118; x_wconf 77' lang='lat' dir='ltr'><strong>Varronis</strong></span> <span class='ocrx_word' id='word_1_58' title='bbox 816 1073 988 1134; x_wconf 77' lang='lat' dir='ltr'><strong>consensu¹</strong></span> <span class='ocrx_word' id='word_1_59' title='bbox 1006 1054 1181 1122; x_wconf 76' lang='lat' dir='ltr'><strong>pertissima</strong></span> 
     </span>
     <span class='ocr_line' id='line_1_9' title="bbox 49 1136 1180 1222; baseline 0.004 -22"><span class='ocrx_word' id='word_1_60' title='bbox 49 1137 293 1222; x_wconf 89' lang='lat' dir='ltr'><strong>comprobatum</strong></span> <span class='ocrx_word' id='word_1_61' title='bbox 327 1149 396 1219; x_wconf 89' lang='lat' dir='ltr'><strong>est,</strong></span> <span class='ocrx_word' id='word_1_62' title='bbox 441 1138 529 1204; x_wconf 89' lang='lat' dir='ltr'><strong>annis</strong></span> <span class='ocrx_word' id='word_1_63' title='bbox 564 1137 605 1200; x_wconf 90' lang='lat' dir='ltr'><strong>ab</strong></span> <span class='ocrx_word' id='word_1_64' title='bbox 636 1137 678 1202; x_wconf 90' lang='lat' dir='ltr'><strong>U.</strong></span> <span class='ocrx_word' id='word_1_65' title='bbox 708 1160 735 1202; x_wconf 89' lang='lat' dir='ltr'><strong>c.</strong></span> <span class='ocrx_word' id='word_1_66' title='bbox 764 1136 938 1217; x_wconf 89' lang='lat' dir='ltr'><strong>DCCVIll</strong></span> <span class='ocrx_word' id='word_1_67' title='bbox 970 1149 1003 1206; x_wconf 90' lang='lat' dir='ltr'><strong>et</strong></span> <span class='ocrx_word' id='word_1_68' title='bbox 1037 1138 1180 1209; x_wconf 86' lang='lat' dir='ltr'><strong>DCClX</strong></span> 
     </span>
     <span class='ocr_line' id='line_1_10' title="bbox 46 1220 1178 1395; baseline 0.004 -26"><span class='ocrx_word' id='word_1_69' title='bbox 46 1220 866 1395; x_wconf 39' lang='lat' dir='ltr'><strong>attitulat.liniti.dimittitis</strong></span> <span class='ocrx_word' id='word_1_70' title='bbox 893 1223 1178 1374; x_wconf 54' lang='lat' dir='ltr'><strong>limittit?</strong></span> 
     </span>
     <span class='ocr_line' id='line_1_11' title="bbox 46 1357 1178 1470; baseline 0.003 -16"><span class='ocrx_word' id='word_1_71' title='bbox 46 1389 174 1458; x_wconf 88' lang='lat' dir='ltr'><strong>DCCX</strong></span> <span class='ocrx_word' id='word_1_72' title='bbox 195 1403 228 1458; x_wconf 89' lang='lat' dir='ltr'><strong>et</strong></span> <span class='ocrx_word' id='word_1_73' title='bbox 247 1391 408 1470; x_wconf 85' lang='lat' dir='ltr'><strong>DCCXI,</strong></span> <span class='ocrx_word' id='word_1_74' title='bbox 431 1391 534 1458; x_wconf 89' lang='lat' dir='ltr'><strong>Varro</strong></span> <span class='ocrx_word' id='word_1_75' title='bbox 548 1389 649 1456; x_wconf 90' lang='lat' dir='ltr'><strong>libros</strong></span> <span class='ocrx_word' id='word_1_76' title='bbox 671 1391 729 1456; x_wconf 90' lang='lat' dir='ltr'><strong>bos</strong></span> <span class='ocrx_word' id='word_1_77' title='bbox 752 1391 920 1458; x_wconf 88' lang='lat' dir='ltr'><strong>absolverit</strong></span> <span class='ocrx_word' id='word_1_78' title='bbox 936 1402 969 1456; x_wconf 89' lang='lat' dir='ltr'><strong>et</strong></span> <span class='ocrx_word' id='word_1_79' title='bbox 987 1389 1028 1456; x_wconf 87' lang='lat' dir='ltr'><strong>ad</strong></span> <span class='ocrx_word' id='word_1_80' title='bbox 1046 1357 1178 1458; x_wconf 55' lang='lat' dir='ltr'><strong>Cicero:</strong></span> 
     </span>
     <span class='ocr_line' id='line_1_12' title="bbox 45 1474 1178 1563; baseline 0.004 -25"><span class='ocrx_word' id='word_1_81' title='bbox 45 1497 115 1542; x_wconf 88' lang='lat' dir='ltr'><strong>nem</strong></span> <span class='ocrx_word' id='word_1_82' title='bbox 139 1475 270 1545; x_wconf 87' lang='lat' dir='ltr'><strong>miserit.</strong></span> <span class='ocrx_word' id='word_1_83' title='bbox 313 1475 426 1556; x_wconf 79' lang='lat' dir='ltr'><strong>Quod,</strong></span> <span class='ocrx_word' id='word_1_84' title='bbox 448 1475 475 1542; x_wconf 87' lang='lat' dir='ltr'><strong>si</strong></span> <span class='ocrx_word' id='word_1_85' title='bbox 497 1474 623 1563; x_wconf 89' lang='lat' dir='ltr'><strong>quidem</strong></span> <span class='ocrx_word' id='word_1_86' title='bbox 642 1475 673 1542; x_wconf 91' lang='lat' dir='ltr'><strong>hi</strong></span> <span class='ocrx_word' id='word_1_87' title='bbox 694 1475 764 1542; x_wconf 88' lang='lat' dir='ltr'><strong>libri</strong></span> <span class='ocrx_word' id='word_1_88' title='bbox 782 1475 825 1540; x_wconf 89' lang='lat' dir='ltr'><strong>ad</strong></span> <span class='ocrx_word' id='word_1_89' title='bbox 842 1476 1032 1544; x_wconf 85' lang='lat' dir='ltr'><strong>Ciceronem</strong></span> <span class='ocrx_word' id='word_1_90' title='bbox 1052 1477 1178 1542; x_wconf 91' lang='lat' dir='ltr'><strong>omnino</strong></span> 
     </span>
     <span class='ocr_line' id='line_1_13' title="bbox 44 1560 1179 1642; baseline 0.002 -16"><span class='ocrx_word' id='word_1_91' title='bbox 44 1561 129 1628; x_wconf 90' lang='lat' dir='ltr'><strong>missi</strong></span> <span class='ocrx_word' id='word_1_92' title='bbox 166 1573 259 1642; x_wconf 86' lang='lat' dir='ltr'><strong>sunt,</strong></span> <span class='ocrx_word' id='word_1_93' title='bbox 299 1560 514 1628; x_wconf 86' lang='lat' dir='ltr'><strong>necessarium</strong></span> <span class='ocrx_word' id='word_1_94' title='bbox 548 1572 616 1640; x_wconf 90' lang='lat' dir='ltr'><strong>est,</strong></span> <span class='ocrx_word' id='word_1_95' title='bbox 659 1583 731 1628; x_wconf 85' lang='lat' dir='ltr'><strong>nam</strong></span> <span class='ocrx_word' id='word_1_96' title='bbox 762 1563 821 1628; x_wconf 88' lang='lat' dir='ltr'><strong>sub</strong></span> <span class='ocrx_word' id='word_1_97' title='bbox 851 1561 947 1628; x_wconf 84' lang='lat' dir='ltr'><strong>linem</strong></span> <span class='ocrx_word' id='word_1_98' title='bbox 978 1583 1008 1626; x_wconf 92' lang='lat' dir='ltr'><strong>a.</strong></span> <span class='ocrx_word' id='word_1_99' title='bbox 1034 1561 1179 1628; x_wconf 84' lang='lat' dir='ltr'><strong>DCCXI</strong></span> 
     </span>
     <span class='ocr_line' id='line_1_14' title="bbox 45 1643 1176 1724; baseline 0 -12"><span class='ocrx_word' id='word_1_100' title='bbox 45 1647 240 1724; x_wconf 79' lang='lat' dir='ltr'><strong>Ciceronem</strong></span> <span class='ocrx_word' id='word_1_101' title='bbox 271 1643 354 1711; x_wconf 91' lang='lat' dir='ltr'><strong>diem</strong></span> <span class='ocrx_word' id='word_1_102' title='bbox 387 1646 504 1712; x_wconf 89' lang='lat' dir='ltr'><strong>obiisse</strong></span> <span class='ocrx_word' id='word_1_103' title='bbox 536 1655 667 1712; x_wconf 87' lang='lat' dir='ltr'><strong>constat</strong></span> <span class='ocrx_word' id='word_1_104' title='bbox 734 1646 860 1713; x_wconf 90' lang='lat' dir='ltr'><strong>Mortuo</strong></span> <span class='ocrx_word' id='word_1_105' title='bbox 891 1657 997 1712; x_wconf 89' lang='lat' dir='ltr'><strong>autem</strong></span> <span class='ocrx_word' id='word_1_106' title='bbox 1028 1646 1176 1712; x_wconf 87' lang='lat' dir='ltr'><strong>Ciceroni</strong></span> 
     </span>
     <span class='ocr_line' id='line_1_15' title="bbox 44 1728 1176 1818; baseline 0.004 -24"><span class='ocrx_word' id='word_1_107' title='bbox 44 1729 99 1797; x_wconf 89' lang='lat' dir='ltr'><strong>bos</strong></span> <span class='ocrx_word' id='word_1_108' title='bbox 124 1731 224 1797; x_wconf 89' lang='lat' dir='ltr'><strong>libros</strong></span> <span class='ocrx_word' id='word_1_109' title='bbox 251 1729 417 1818; x_wconf 88' lang='lat' dir='ltr'><strong>inscriptos</strong></span> <span class='ocrx_word' id='word_1_110' title='bbox 441 1752 596 1798; x_wconf 88' lang='lat' dir='ltr'><strong>essenon</strong></span> <span class='ocrx_word' id='word_1_111' title='bbox 619 1728 785 1806; x_wconf 88' lang='lat' dir='ltr'><strong>credibile,</strong></span> <span class='ocrx_word' id='word_1_112' title='bbox 816 1753 888 1800; x_wconf 92' lang='lat' dir='ltr'><strong>cum</strong></span> <span class='ocrx_word' id='word_1_113' title='bbox 913 1731 1038 1818; x_wconf 77' lang='lat' dir='ltr'><strong>saepius</strong></span> <span class='ocrx_word' id='word_1_114' title='bbox 1066 1732 1124 1814; x_wconf 72' lang='lat' dir='ltr'><strong>(V,</strong></span> <span class='ocrx_word' id='word_1_115' title='bbox 1149 1735 1176 1798; x_wconf 91' lang='lat' dir='ltr'><strong>l.</strong></span> 
     </span>
     <span class='ocr_line' id='line_1_16' title="bbox 44 1814 1175 1902; baseline 0.001 -22"><span class='ocrx_word' id='word_1_116' title='bbox 44 1814 94 1895; x_wconf 80' lang='lat' dir='ltr'><strong>VI,</strong></span> <span class='ocrx_word' id='word_1_117' title='bbox 112 1819 169 1882; x_wconf 77' lang='lat'><strong>97.</strong></span> <span class='ocrx_word' id='word_1_118' title='bbox 191 1815 448 1894; x_wconf 68' lang='lat' dir='ltr'><strong>viticella.)</strong></span> <span class='ocrx_word' id='word_1_119' title='bbox 469 1814 552 1880; x_wconf 93' lang='lat' dir='ltr'><strong>illum</strong></span> <span class='ocrx_word' id='word_1_120' title='bbox 574 1815 673 1882; x_wconf 90' lang='lat' dir='ltr'><strong>vivum</strong></span> <span class='ocrx_word' id='word_1_121' title='bbox 693 1815 868 1902; x_wconf 82' lang='lat' dir='ltr'><strong>alloquatur</strong></span> <span class='ocrx_word' id='word_1_122' title='bbox 889 1817 1008 1894; x_wconf 82' lang='lat' dir='ltr'><strong>Varro,</strong></span> <span class='ocrx_word' id='word_1_123' title='bbox 1030 1827 1064 1882; x_wconf 91' lang='lat' dir='ltr'><strong>et</strong></span> <span class='ocrx_word' id='word_1_124' title='bbox 1081 1839 1118 1881; x_wconf 92' lang='lat' dir='ltr'><strong>se</strong></span> <span class='ocrx_word' id='word_1_125' title='bbox 1135 1817 1175 1881; x_wconf 93' lang='lat' dir='ltr'><strong>illi</strong></span> 
     </span>
     <span class='ocr_line' id='line_1_17' title="bbox 3 1900 1207 1988; baseline 0.002 -24"><span class='ocrx_word' id='word_1_126' title='bbox 3 1931 5 1939; x_wconf 63' lang='lat'>=</span> <span class='ocrx_word' id='word_1_127' title='bbox 43 1901 213 1966; x_wconf 90' lang='lat' dir='ltr'><strong>missurum</strong></span> <span class='ocrx_word' id='word_1_128' title='bbox 237 1917 308 1966; x_wconf 84' lang='lat' dir='ltr'><strong>esse</strong></span> <span class='ocrx_word' id='word_1_129' title='bbox 334 1900 394 1967; x_wconf 90' lang='lat' dir='ltr'><strong>bos</strong></span> <span class='ocrx_word' id='word_1_130' title='bbox 418 1901 514 1968; x_wconf 86' lang='lat' dir='ltr'><strong>libros</strong></span> <span class='ocrx_word' id='word_1_131' title='bbox 543 1903 730 1988; x_wconf 89' lang='lat' dir='ltr'><strong>profiteatur</strong></span> <span class='ocrx_word' id='word_1_132' title='bbox 759 1904 850 1986; x_wconf 88' lang='lat' dir='ltr'><strong>(nam</strong></span> <span class='ocrx_word' id='word_1_133' title='bbox 875 1900 961 1987; x_wconf 85' lang='lat' dir='ltr'><strong>quod</strong></span> <span class='ocrx_word' id='word_1_134' title='bbox 990 1923 1045 1966; x_wconf 89' lang='lat' dir='ltr'><strong>ecs</strong></span> <span class='ocrx_word' id='word_1_135' title='bbox 1073 1923 1109 1966; x_wconf 87' lang='lat' dir='ltr'><strong>se</strong></span> <span class='ocrx_word' id='word_1_136' title='bbox 1134 1901 1176 1968; x_wconf 90' lang='lat' dir='ltr'><strong>ad</strong></span> <span class='ocrx_word' id='word_1_137' title='bbox 1203 1959 1207 1966; x_wconf 82' lang='grc'><strong>.</strong></span> 
     </span>
     <span class='ocr_line' id='line_1_18' title="bbox 42 1984 1176 2074; baseline 0.002 -26"><span class='ocrx_word' id='word_1_138' title='bbox 42 1984 125 2051; x_wconf 92' lang='lat' dir='ltr'><strong>illum</strong></span> <span class='ocrx_word' id='word_1_139' title='bbox 148 1984 285 2050; x_wconf 81' lang='lat' dir='ltr'><strong>misisse</strong></span> <span class='ocrx_word' id='word_1_140' title='bbox 311 1985 404 2062; x_wconf 88' lang='lat' dir='ltr'><strong>dicit,</strong></span> <span class='ocrx_word' id='word_1_141' title='bbox 432 1985 464 2050; x_wconf 93' lang='lat' dir='ltr'><strong>in</strong></span> <span class='ocrx_word' id='word_1_142' title='bbox 486 2009 526 2051; x_wconf 92' lang='lat' dir='ltr'><strong>eo</strong></span> <span class='ocrx_word' id='word_1_143' title='bbox 549 1987 679 2051; x_wconf 86' lang='lat' dir='ltr'><strong>verbum</strong></span> <span class='ocrx_word' id='word_1_144' title='bbox 703 1987 879 2074; x_wconf 87' lang='lat' dir='ltr'><strong>perfectum</strong></span> <span class='ocrx_word' id='word_1_145' title='bbox 903 1984 1051 2072; x_wconf 87' lang='lat' dir='ltr'><strong>proinde,</strong></span> <span class='ocrx_word' id='word_1_146' title='bbox 1080 1998 1176 2070; x_wconf 89' lang='lat' dir='ltr'><strong>atque</strong></span> 
     </span>
     <span class='ocr_line' id='line_1_19' title="bbox 43 2068 1175 2158; baseline 0.005 -25"><span class='ocrx_word' id='word_1_147' title='bbox 43 2069 71 2134; x_wconf 91' lang='lat' dir='ltr'><strong>in</strong></span> <span class='ocrx_word' id='word_1_148' title='bbox 101 2069 243 2157; x_wconf 88' lang='lat' dir='ltr'><strong>epistolis</strong></span> <span class='ocrx_word' id='word_1_149' title='bbox 272 2069 369 2149; x_wconf 89' lang='lat' dir='ltr'><strong>solet,</strong></span> <span class='ocrx_word' id='word_1_150' title='bbox 406 2070 645 2158; x_wconf 82' lang='lat' dir='ltr'><strong>intelligendum</strong></span> <span class='ocrx_word' id='word_1_151' title='bbox 676 2069 771 2156; x_wconf 85' lang='lat' dir='ltr'><strong>est),</strong></span> <span class='ocrx_word' id='word_1_152' title='bbox 809 2083 842 2138; x_wconf 90' lang='lat' dir='ltr'><strong>et</strong></span> <span class='ocrx_word' id='word_1_153' title='bbox 871 2070 1021 2138; x_wconf 84' lang='lat' dir='ltr'><strong>Ciceroni</strong></span> <span class='ocrx_word' id='word_1_154' title='bbox 1047 2068 1175 2139; x_wconf 83' lang='lat' dir='ltr'><strong>inscribi</strong></span> 
     </span>
    </p>
   </div>
   <div class='ocr_carea' id='block_1_4' title="bbox 42 2154 1296 2256">
    <p class='ocr_par' dir='ltr' id='par_1_4' title="bbox 42 2154 1296 2256">
     <span class='ocr_line' id='line_1_20' title="bbox 42 2154 1296 2256; baseline 0.004 -39"><span class='ocrx_word' id='word_1_155' title='bbox 42 2176 102 2218; x_wconf 92' lang='lat' dir='ltr'><strong>non</strong></span> <span class='ocrx_word' id='word_1_156' title='bbox 120 2154 291 2256; x_wconf 78' lang='lat' dir='ltr'><strong>⁸potuerint</strong></span> <span class='ocrx_word' id='word_1_157' title='bbox 312 2155 399 2234; x_wconf 91' lang='lat' dir='ltr'><strong>libri,</strong></span> <span class='ocrx_word' id='word_1_158' title='bbox 422 2155 480 2221; x_wconf 90' lang='lat' dir='ltr'><strong>nisi</strong></span> <span class='ocrx_word' id='word_1_159' title='bbox 501 2157 554 2244; x_wconf 91' lang='lat' dir='ltr'><strong>qui</strong></span> <span class='ocrx_word' id='word_1_160' title='bbox 577 2157 645 2223; x_wconf 86' lang='lat' dir='ltr'><strong>rivo</strong></span> <span class='ocrx_word' id='word_1_161' title='bbox 663 2154 809 2222; x_wconf 84' lang='lat' dir='ltr'><strong>destinati</strong></span> <span class='ocrx_word' id='word_1_162' title='bbox 831 2167 930 2224; x_wconf 89' lang='lat' dir='ltr'><strong>erant.</strong></span> <span class='ocrx_word' id='word_1_163' title='bbox 973 2155 1051 2222; x_wconf 84' lang='lat' dir='ltr'><strong>Vivo</strong></span> <span class='ocrx_word' id='word_1_164' title='bbox 1069 2167 1174 2222; x_wconf 89' lang='lat' dir='ltr'><strong>autem</strong></span> <span class='ocrx_word' id='word_1_165' title='bbox 1293 2171 1296 2184; x_wconf 89' lang='grc'>·</span> 
     </span>
    </p>
   </div>
   <div class='ocr_carea' id='block_1_5' title="bbox 3 2239 1259 4378">
    <p class='ocr_par' dir='ltr' id='par_1_5' title="bbox 3 2239 1259 4378">
     <span class='ocr_line' id='line_1_21' title="bbox 42 2239 1174 2327; baseline 0.003 -24"><span class='ocrx_word' id='word_1_166' title='bbox 42 2239 66 2303; x_wconf 89' lang='lat' dir='ltr'><strong>si</strong></span> <span class='ocrx_word' id='word_1_167' title='bbox 86 2263 176 2304; x_wconf 87' lang='lat' dir='ltr'><strong>mrssr</strong></span> <span class='ocrx_word' id='word_1_168' title='bbox 196 2251 285 2320; x_wconf 89' lang='lat' dir='ltr'><strong>sunt,</strong></span> <span class='ocrx_word' id='word_1_169' title='bbox 310 2241 526 2307; x_wconf 88' lang='lat' dir='ltr'><strong>confitendum</strong></span> <span class='ocrx_word' id='word_1_170' title='bbox 548 2242 625 2320; x_wconf 90' lang='lat' dir='ltr'><strong>erit,</strong></span> <span class='ocrx_word' id='word_1_171' title='bbox 650 2241 825 2307; x_wconf 89' lang='lat' dir='ltr'><strong>Varronem</strong></span> <span class='ocrx_word' id='word_1_172' title='bbox 846 2241 959 2327; x_wconf 80' lang='lat' dir='ltr'><strong>ingens</strong></span> <span class='ocrx_word' id='word_1_173' title='bbox 980 2263 1000 2304; x_wconf 94' lang='lat' dir='ltr'><strong>o</strong></span> <span class='ocrx_word' id='word_1_174' title='bbox 1025 2263 1061 2306; x_wconf 87' lang='lat' dir='ltr'><strong>us</strong></span> <span class='ocrx_word' id='word_1_175' title='bbox 1083 2241 1174 2306; x_wconf 89' lang='lat' dir='ltr'><strong>citius</strong></span> 
     </span>
     <span class='ocr_line' id='line_1_22' title="bbox 43 2323 1174 2414; baseline 0.002 -26"><span class='ocrx_word' id='word_1_176' title='bbox 43 2324 229 2404; x_wconf 86' lang='lat' dir='ltr'><strong>absolvisse,</strong></span> <span class='ocrx_word' id='word_1_177' title='bbox 264 2345 359 2412; x_wconf 89' lang='lat' dir='ltr'><strong>qnam</strong></span> <span class='ocrx_word' id='word_1_178' title='bbox 387 2327 427 2390; x_wconf 90' lang='lat' dir='ltr'><strong>ab</strong></span> <span class='ocrx_word' id='word_1_179' title='bbox 453 2325 579 2390; x_wconf 91' lang='lat' dir='ltr'><strong>homine</strong></span> <span class='ocrx_word' id='word_1_180' title='bbox 604 2325 675 2404; x_wconf 94' lang='lat' dir='ltr'><strong>illo,</strong></span> <span class='ocrx_word' id='word_1_181' title='bbox 709 2327 941 2414; x_wconf 87' lang='lat' dir='ltr'><strong>promptissimo</strong></span> <span class='ocrx_word' id='word_1_182' title='bbox 968 2348 986 2391; x_wconf 90' lang='lat' dir='ltr'><strong>a</strong></span> <span class='ocrx_word' id='word_1_183' title='bbox 1033 2323 1174 2392; x_wconf 90' lang='lat' dir='ltr'><strong>scriben-</strong></span> 
     </span>
     <span class='ocr_line' id='line_1_23' title="bbox 43 2407 1172 2498; baseline 0.004 -27"><span class='ocrx_word' id='word_1_184' title='bbox 43 2407 115 2473; x_wconf 94' lang='lat' dir='ltr'><strong>dum</strong></span> <span class='ocrx_word' id='word_1_185' title='bbox 136 2408 197 2474; x_wconf 88' lang='lat' dir='ltr'><strong>sed</strong></span> <span class='ocrx_word' id='word_1_186' title='bbox 217 2411 436 2475; x_wconf 86' lang='lat' dir='ltr'><strong>cunctantiore</strong></span> <span class='ocrx_word' id='word_1_187' title='bbox 455 2410 497 2496; x_wconf 73' lang='lat' dir='ltr'><strong>ad</strong></span> <span class='ocrx_word' id='word_1_188' title='bbox 516 2409 691 2487; x_wconf 89' lang='lat' dir='ltr'><strong>edendum,</strong></span> <span class='ocrx_word' id='word_1_189' title='bbox 713 2412 894 2498; x_wconf 83' lang='lat' dir='ltr'><strong>exspectari</strong></span> <span class='ocrx_word' id='word_1_190' title='bbox 911 2421 1046 2498; x_wconf 86' lang='lat' dir='ltr'><strong>poterat</strong></span> <span class='ocrx_word' id='word_1_191' title='bbox 1088 2409 1172 2475; x_wconf 90' lang='lat' dir='ltr'><strong>Nam</strong></span> 
     </span>
     <span class='ocr_line' id='line_1_24' title="bbox 43 2492 1172 2580; baseline 0.002 -23"><span class='ocrx_word' id='word_1_192' title='bbox 43 2515 125 2559; x_wconf 92' lang='lat' dir='ltr'><strong>anno</strong></span> <span class='ocrx_word' id='word_1_193' title='bbox 152 2493 297 2560; x_wconf 89' lang='lat' dir='ltr'><strong>DCClX</strong></span> <span class='ocrx_word' id='word_1_194' title='bbox 325 2515 366 2558; x_wconf 90' lang='lat' dir='ltr'><strong>ne</strong></span> <span class='ocrx_word' id='word_1_195' title='bbox 393 2503 459 2560; x_wconf 86' lang='lat' dir='ltr'><strong>tres</strong></span> <span class='ocrx_word' id='word_1_196' title='bbox 475 2492 615 2580; x_wconf 85' lang='lat' dir='ltr'><strong>¹quidem</strong></span> <span class='ocrx_word' id='word_1_197' title='bbox 642 2494 763 2580; x_wconf 89' lang='lat' dir='ltr'><strong>priores</strong></span> <span class='ocrx_word' id='word_1_198' title='bbox 791 2495 903 2572; x_wconf 91' lang='lat' dir='ltr'><strong>libros,</strong></span> <span class='ocrx_word' id='word_1_199' title='bbox 936 2495 989 2580; x_wconf 91' lang='lat' dir='ltr'><strong>qui</strong></span> <span class='ocrx_word' id='word_1_200' title='bbox 1018 2495 1063 2558; x_wconf 82' lang='lat' dir='ltr'><strong>Se</strong></span> <span class='ocrx_word' id='word_1_201' title='bbox 1086 2493 1172 2564; x_wconf 86' lang='lat' dir='ltr'><strong>timia</strong></span> 
     </span>
     <span class='ocr_line' id='line_1_25' title="bbox 42 2515 1174 2684; baseline 0.001 -43"><span class='ocrx_word' id='word_1_202' title='bbox 42 2577 184 2666; x_wconf 89' lang='lat' dir='ltr'><strong>inscripti</strong></span> <span class='ocrx_word' id='word_1_203' title='bbox 203 2590 313 2660; x_wconf 89' lang='lat' dir='ltr'><strong>erant,</strong></span> <span class='ocrx_word' id='word_1_204' title='bbox 338 2588 372 2645; x_wconf 90' lang='lat' dir='ltr'><strong>et</strong></span> <span class='ocrx_word' id='word_1_205' title='bbox 382 2579 523 2684; x_wconf 81' lang='lat' dir='ltr'><strong>primum</strong></span> <span class='ocrx_word' id='word_1_206' title='bbox 541 2577 694 2657; x_wconf 92' lang='lat' dir='ltr'><strong>omnium,</strong></span> <span class='ocrx_word' id='word_1_207' title='bbox 722 2578 775 2666; x_wconf 91' lang='lat' dir='ltr'><strong>qni</strong></span> <span class='ocrx_word' id='word_1_208' title='bbox 797 2579 849 2644; x_wconf 92' lang='lat' dir='ltr'><strong>cui</strong></span> <span class='ocrx_word' id='word_1_209' title='bbox 871 2575 1043 2646; x_wconf 88' lang='lat' dir='ltr'><strong>destinatus</strong></span> <span class='ocrx_word' id='word_1_210' title='bbox 1064 2515 1174 2660; x_wconf 75' lang='lat' dir='ltr'><strong>luerit,</strong></span> 
     </span>
     <span class='ocr_line' id='line_1_26' title="bbox 42 2658 1173 2752; baseline 0.004 -27"><span class='ocrx_word' id='word_1_211' title='bbox 42 2663 197 2731; x_wconf 90' lang='lat' dir='ltr'><strong>incertum</strong></span> <span class='ocrx_word' id='word_1_212' title='bbox 225 2675 294 2744; x_wconf 90' lang='lat' dir='ltr'><strong>est,</strong></span> <span class='ocrx_word' id='word_1_213' title='bbox 324 2664 372 2752; x_wconf 64' lang='lat' dir='ltr'><strong>,irp‘</strong></span> <span class='ocrx_word' id='word_1_214' title='bbox 398 2658 557 2752; x_wconf 89' lang='lat' dir='ltr'><strong>publicum</strong></span> <span class='ocrx_word' id='word_1_215' title='bbox 592 2662 736 2730; x_wconf 87' lang='lat' dir='ltr'><strong>ediderat</strong></span> <span class='ocrx_word' id='word_1_216' title='bbox 770 2665 843 2751; x_wconf 90' lang='lat' dir='ltr'><strong>(qui</strong></span> <span class='ocrx_word' id='word_1_217' title='bbox 869 2663 896 2730; x_wconf 92' lang='lat' dir='ltr'><strong>si</strong></span> <span class='ocrx_word' id='word_1_218' title='bbox 924 2663 1000 2732; x_wconf 88' lang='lat' dir='ltr'><strong>editi</strong></span> <span class='ocrx_word' id='word_1_219' title='bbox 1031 2661 1173 2746; x_wconf 87' lang='lat' dir='ltr'><strong>fuissent,</strong></span> 
     </span>
     <span class='ocr_line' id='line_1_27' title="bbox 42 2745 1172 2836; baseline 0.001 -23"><span class='ocrx_word' id='word_1_220' title='bbox 42 2750 162 2816; x_wconf 89' lang='lat' dir='ltr'><strong>Atticus</strong></span> <span class='ocrx_word' id='word_1_221' title='bbox 183 2748 267 2828; x_wconf 79' lang='lat' dir='ltr'><strong>illum</strong></span> <span class='ocrx_word' id='word_1_222' title='bbox 285 2745 390 2816; x_wconf 88' lang='lat' dir='ltr'><strong>celare</strong></span> <span class='ocrx_word' id='word_1_223' title='bbox 407 2749 484 2814; x_wconf 86' lang='lat' dir='ltr'><strong>velle</strong></span> <span class='ocrx_word' id='word_1_224' title='bbox 502 2772 583 2836; x_wconf 88' lang='lat' dir='ltr'><strong>qnae</strong></span> <span class='ocrx_word' id='word_1_225' title='bbox 603 2749 773 2827; x_wconf 89' lang='lat' dir='ltr'><strong>moliretur,</strong></span> <span class='ocrx_word' id='word_1_226' title='bbox 797 2749 905 2815; x_wconf 89' lang='lat' dir='ltr'><strong>dicere</strong></span> <span class='ocrx_word' id='word_1_227' title='bbox 925 2770 989 2815; x_wconf 91' lang='lat' dir='ltr'><strong>non</strong></span> <span class='ocrx_word' id='word_1_228' title='bbox 1011 2747 1172 2834; x_wconf 82' lang='lat' dir='ltr'><strong>poterat);</strong></span> 
     </span>
     <span class='ocr_line' id='line_1_28' title="bbox 43 2824 1172 2922; baseline 0.002 -26"><span class='ocrx_word' id='word_1_229' title='bbox 43 2853 114 2900; x_wconf 92' lang='lat' dir='ltr'><strong>num</strong></span> <span class='ocrx_word' id='word_1_230' title='bbox 143 2833 311 2909; x_wconf 87' lang='lat' dir='ltr'><strong>credibile,</strong></span> <span class='ocrx_word' id='word_1_231' title='bbox 343 2835 486 2922; x_wconf 85' lang='lat' dir='ltr'><strong>proximo</strong></span> <span class='ocrx_word' id='word_1_232' title='bbox 515 2834 638 2908; x_wconf 87' lang='lat' dir='ltr'><strong>biennio</strong></span> <span class='ocrx_word' id='word_1_233' title='bbox 666 2855 729 2898; x_wconf 92' lang='lat' dir='ltr'><strong>non</strong></span> <span class='ocrx_word' id='word_1_234' title='bbox 757 2833 820 2912; x_wconf 88' lang='lat' dir='ltr'><strong>hos</strong></span> <span class='ocrx_word' id='word_1_235' title='bbox 842 2833 943 2901; x_wconf 92' lang='lat' dir='ltr'><strong>solum</strong></span> <span class='ocrx_word' id='word_1_236' title='bbox 967 2833 1080 2914; x_wconf 90' lang='lat' dir='ltr'><strong>libros,</strong></span> <span class='ocrx_word' id='word_1_237' title='bbox 1113 2824 1172 2899; x_wconf 87' lang='lat' dir='ltr'><strong>sed</strong></span> 
     </span>
     <span class='ocr_line' id='line_1_29' title="bbox 3 2918 1171 3008; baseline 0.002 -26"><span class='ocrx_word' id='word_1_238' title='bbox 3 2997 6 3006; x_wconf 20' lang='grc' dir='ltr'>ι</span> <span class='ocrx_word' id='word_1_239' title='bbox 44 2919 116 2984; x_wconf 90' lang='lat' dir='ltr'><strong>alios</strong></span> <span class='ocrx_word' id='word_1_240' title='bbox 154 2919 265 3004; x_wconf 82' lang='lat' dir='ltr'><strong>viginti</strong></span> <span class='ocrx_word' id='word_1_241' title='bbox 299 2933 319 2986; x_wconf 87' lang='lat' dir='ltr'><strong>a&#39;</strong></span> <span class='ocrx_word' id='word_1_242' title='bbox 356 2920 499 2986; x_wconf 89' lang='lat' dir='ltr'><strong>Varrone</strong></span> <span class='ocrx_word' id='word_1_243' title='bbox 536 2919 626 2986; x_wconf 91' lang='lat' dir='ltr'><strong>simul</strong></span> <span class='ocrx_word' id='word_1_244' title='bbox 661 2942 724 2984; x_wconf 92' lang='lat' dir='ltr'><strong>uno</strong></span> <span class='ocrx_word' id='word_1_245' title='bbox 761 2929 856 3006; x_wconf 91' lang='lat' dir='ltr'><strong>partu</strong></span> <span class='ocrx_word' id='word_1_246' title='bbox 891 2918 1039 3008; x_wconf 81' lang='lat' dir='ltr'><strong>profusus</strong></span> <span class='ocrx_word' id='word_1_247' title='bbox 1073 2918 1171 2984; x_wconf 78' lang='lat' dir='ltr'><strong>essei</strong></span> 
     </span>
     <span class='ocr_line' id='line_1_30' title="bbox 42 3001 1171 3092; baseline 0 -24"><span class='ocrx_word' id='word_1_248' title='bbox 42 3007 142 3091; x_wconf 81' lang='lat' dir='ltr'><strong>Atque</strong></span> <span class='ocrx_word' id='word_1_249' title='bbox 175 3005 351 3070; x_wconf 90' lang='lat' dir='ltr'><strong>Varronem</strong></span> <span class='ocrx_word' id='word_1_250' title='bbox 379 3005 496 3092; x_wconf 85' lang='lat' dir='ltr'><strong>viginti</strong></span> <span class='ocrx_word' id='word_1_251' title='bbox 520 3016 669 3092; x_wconf 88' lang='lat' dir='ltr'><strong>quattuor</strong></span> <span class='ocrx_word' id='word_1_252' title='bbox 697 3003 739 3070; x_wconf 90' lang='lat' dir='ltr'><strong>de</strong></span> <span class='ocrx_word' id='word_1_253' title='bbox 770 3005 900 3090; x_wconf 84' lang='lat' dir='ltr'><strong>Lingua</strong></span> <span class='ocrx_word' id='word_1_254' title='bbox 928 3004 1044 3070; x_wconf 86' lang='lat' dir='ltr'><strong>Latina</strong></span> <span class='ocrx_word' id='word_1_255' title='bbox 1074 3001 1171 3068; x_wconf 88' lang='lat' dir='ltr'><strong>libros</strong></span> 
     </span>
     <span class='ocr_line' id='line_1_31' title="bbox 45 3085 1170 3192; baseline 0 -40"><span class='ocrx_word' id='word_1_256' title='bbox 45 3088 273 3176; x_wconf 87' lang='lat' dir='ltr'><strong>composuisse,</strong></span> <span class='ocrx_word' id='word_1_257' title='bbox 304 3111 478 3192; x_wconf 85' lang='lat' dir='ltr'><strong>omnesque</strong></span> <span class='ocrx_word' id='word_1_258' title='bbox 507 3112 526 3154; x_wconf 89' lang='lat' dir='ltr'><strong>a</strong></span> <span class='ocrx_word' id='word_1_259' title='bbox 554 3092 663 3178; x_wconf 89' lang='lat' dir='ltr'><strong>quinto</strong></span> <span class='ocrx_word' id='word_1_260' title='bbox 691 3089 767 3153; x_wconf 92' lang='lat' dir='ltr'><strong>inde</strong></span> <span class='ocrx_word' id='word_1_261' title='bbox 786 3089 827 3154; x_wconf 90' lang='lat' dir='ltr'><strong>ad</strong></span> <span class='ocrx_word' id='word_1_262' title='bbox 850 3098 998 3173; x_wconf 90' lang='lat' dir='ltr'><strong>quartum</strong></span> <span class='ocrx_word' id='word_1_263' title='bbox 1014 3094 1061 3152; x_wconf 85' lang='lat' dir='ltr'><strong>&#39;et</strong></span> <span class='ocrx_word' id='word_1_264' title='bbox 1081 3085 1170 3174; x_wconf 84' lang='lat' dir='ltr'><strong>vige·</strong></span> 
     </span>
     <span class='ocr_line' id='line_1_32' title="bbox 44 3172 1169 3261; baseline 0 -23"><span class='ocrx_word' id='word_1_265' title='bbox 44 3174 152 3239; x_wconf 91' lang='lat' dir='ltr'><strong>simum</strong></span> <span class='ocrx_word' id='word_1_266' title='bbox 183 3196 286 3261; x_wconf 91' lang='lat' dir='ltr'><strong>usque</strong></span> <span class='ocrx_word' id='word_1_267' title='bbox 318 3173 360 3240; x_wconf 89' lang='lat' dir='ltr'><strong>ad</strong></span> <span class='ocrx_word' id='word_1_268' title='bbox 393 3176 584 3242; x_wconf 77' lang='lat' dir='ltr'><strong>Ciceronem</strong></span> <span class='ocrx_word' id='word_1_269' title='bbox 619 3175 786 3261; x_wconf 86' lang='lat' dir='ltr'><strong>inscriptos</strong></span> <span class='ocrx_word' id='word_1_270' title='bbox 820 3172 936 3254; x_wconf 81' lang='lat' dir='ltr'><strong>inisse,</strong></span> <span class='ocrx_word' id='word_1_271' title='bbox 977 3173 1169 3239; x_wconf 83' lang='lat' dir='ltr'><strong>Grammati-</strong></span> 
     </span>
     <span class='ocr_line' id='line_1_33' title="bbox 45 3256 1169 3345; baseline 0.001 -23"><span class='ocrx_word' id='word_1_272' title='bbox 45 3280 165 3326; x_wconf 74' lang='lat' dir='ltr'><strong>corum,</strong></span> <span class='ocrx_word' id='word_1_273' title='bbox 186 3260 368 3325; x_wconf 87' lang='lat' dir='ltr'><strong>testimoniis</strong></span> <span class='ocrx_word' id='word_1_274' title='bbox 400 3261 552 3326; x_wconf 89' lang='lat' dir='ltr'><strong>certiores</strong></span> <span class='ocrx_word' id='word_1_275' title='bbox 587 3259 663 3324; x_wconf 84' lang='lat' dir='ltr'><strong>lacti</strong></span> <span class='ocrx_word' id='word_1_276' title='bbox 694 3281 811 3324; x_wconf 84' lang='lat' dir='ltr'><strong>sumne.</strong></span> <span class='ocrx_word' id='word_1_277' title='bbox 870 3258 1009 3325; x_wconf 82' lang='lat' dir='ltr'><strong>&#39;I&#39;antam</strong></span> <span class='ocrx_word' id='word_1_278' title='bbox 1041 3256 1169 3345; x_wconf 91' lang='lat' dir='ltr'><strong>quidem</strong></span> 
     </span>
     <span class='ocr_line' id='line_1_34' title="bbox 43 3341 1167 3433; baseline 0 -27"><span class='ocrx_word' id='word_1_279' title='bbox 43 3341 190 3410; x_wconf 89' lang='lat' dir='ltr'><strong>librorum</strong></span> <span class='ocrx_word' id='word_1_280' title='bbox 212 3344 325 3427; x_wconf 86' lang='lat' dir='ltr'><strong>molem</strong></span> <span class='ocrx_word' id='word_1_281' title='bbox 347 3344 405 3410; x_wconf 92' lang='lat' dir='ltr'><strong>sibi</strong></span> <span class='ocrx_word' id='word_1_282' title='bbox 426 3343 537 3433; x_wconf 52' lang='lat' dir='ltr'><strong>parari,</strong></span> <span class='ocrx_word' id='word_1_283' title='bbox 554 3342 580 3408; x_wconf 88' lang='lat' dir='ltr'><strong>si</strong></span> <span class='ocrx_word' id='word_1_284' title='bbox 598 3344 715 3408; x_wconf 86' lang='lat' dir='ltr'><strong>Cicero</strong></span> <span class='ocrx_word' id='word_1_285' title='bbox 736 3342 930 3410; x_wconf 82' lang='lat' dir='ltr'><strong>rescivisset:</strong></span> <span class='ocrx_word' id='word_1_286' title='bbox 951 3342 1167 3430; x_wconf 85' lang='lat' dir='ltr'><strong>repressisset,</strong></span> 
     </span>
     <span class='ocr_line' id='line_1_35' title="bbox 44 3426 1168 3516; baseline -0.001 -23"><span class='ocrx_word' id='word_1_287' title='bbox 44 3429 154 3508; x_wconf 85' lang='lat' dir='ltr'><strong>credo,</strong></span> <span class='ocrx_word' id='word_1_288' title='bbox 184 3430 278 3495; x_wconf 89' lang='lat' dir='ltr'><strong>etiam</strong></span> <span class='ocrx_word' id='word_1_289' title='bbox 300 3450 418 3496; x_wconf 87' lang='lat' dir='ltr'><strong>morae</strong></span> <span class='ocrx_word' id='word_1_290' title='bbox 436 3426 678 3516; x_wconf 84' lang='lat' dir='ltr'><strong>impatientiam,</strong></span> <span class='ocrx_word' id='word_1_291' title='bbox 705 3429 796 3496; x_wconf 90' lang='lat' dir='ltr'><strong>nimis</strong></span> <span class='ocrx_word' id='word_1_292' title='bbox 821 3429 1012 3516; x_wconf 90' lang='lat' dir='ltr'><strong>prurientem</strong></span> <span class='ocrx_word' id='word_1_293' title='bbox 1033 3426 1114 3491; x_wconf 89' lang='lat' dir='ltr'><strong>illam</strong></span> <span class='ocrx_word' id='word_1_294' title='bbox 1135 3427 1168 3492; x_wconf 93' lang='lat' dir='ltr'><strong>in</strong></span> 
     </span>
     <span class='ocr_line' id='line_1_36' title="bbox 44 3511 1167 3602; baseline 0.002 -26"><span class='ocrx_word' id='word_1_295' title='bbox 44 3513 220 3599; x_wconf 82' lang='lat' dir='ltr'><strong>gloriolam,</strong></span> <span class='ocrx_word' id='word_1_296' title='bbox 244 3537 309 3602; x_wconf 90' lang='lat' dir='ltr'><strong>qua</strong></span> <span class='ocrx_word' id='word_1_297' title='bbox 327 3536 363 3579; x_wconf 89' lang='lat' dir='ltr'><strong>se</strong></span> <span class='ocrx_word' id='word_1_298' title='bbox 384 3513 572 3581; x_wconf 87' lang='lat' dir='ltr'><strong>salutatione</strong></span> <span class='ocrx_word' id='word_1_299' title='bbox 594 3511 764 3581; x_wconf 83' lang='lat' dir='ltr'><strong>dbctissimi</strong></span> <span class='ocrx_word' id='word_1_300' title='bbox 782 3515 1000 3581; x_wconf 86' lang='lat' dir='ltr'><strong>Romanorum</strong></span> <span class='ocrx_word' id='word_1_301' title='bbox 1021 3522 1167 3578; x_wconf 89' lang='lat' dir='ltr'><strong>ornatum</strong></span> 
     </span>
     <span class='ocr_line' id='line_1_37' title="bbox 42 3594 1193 3687; baseline -0.001 -26"><span class='ocrx_word' id='word_1_302' title='bbox 42 3597 76 3662; x_wconf 92' lang='lat' dir='ltr'><strong>iri</strong></span> <span class='ocrx_word' id='word_1_303' title='bbox 104 3609 349 3687; x_wconf 82' lang='lat' dir='ltr'><strong>exspectaverat</strong></span> <span class='ocrx_word' id='word_1_304' title='bbox 403 3601 444 3666; x_wconf 91' lang='lat' dir='ltr'><strong>At</strong></span> <span class='ocrx_word' id='word_1_305' title='bbox 471 3622 512 3664; x_wconf 91' lang='lat' dir='ltr'><strong>ne</strong></span> <span class='ocrx_word' id='word_1_306' title='bbox 539 3597 678 3680; x_wconf 87' lang='lat' dir='ltr'><strong>mireris,</strong></span> <span class='ocrx_word' id='word_1_307' title='bbox 715 3598 802 3686; x_wconf 88' lang='lat' dir='ltr'><strong>qnod</strong></span> <span class='ocrx_word' id='word_1_308' title='bbox 829 3599 891 3666; x_wconf 89' lang='lat' dir='ltr'><strong>hac</strong></span> <span class='ocrx_word' id='word_1_309' title='bbox 919 3619 990 3662; x_wconf 88' lang='lat' dir='ltr'><strong>mea</strong></span> <span class='ocrx_word' id='word_1_310' title='bbox 1017 3594 1193 3682; x_wconf 80' lang='lat' dir='ltr'><strong>opinione.</strong></span> 
     </span>
     <span class='ocr_line' id='line_1_38' title="bbox 3 3679 1164 3774; baseline 0.003 -29"><span class='ocrx_word' id='word_1_311' title='bbox 3 3757 4 3762; x_wconf 8' lang='grc' dir='ltr'>γ</span> <span class='ocrx_word' id='word_1_312' title='bbox 41 3682 203 3768; x_wconf 84' lang='lat' dir='ltr'><strong>ignorasse</strong></span> <span class='ocrx_word' id='word_1_313' title='bbox 231 3686 374 3772; x_wconf 81' lang='lat' dir='ltr'><strong>fingatur</strong></span> <span class='ocrx_word' id='word_1_314' title='bbox 395 3679 534 3763; x_wconf 78' lang='lat' dir='ltr'><strong>Tullius,</strong></span> <span class='ocrx_word' id='word_1_315' title='bbox 566 3684 643 3774; x_wconf 90' lang='lat' dir='ltr'><strong>qnid</strong></span> <span class='ocrx_word' id='word_1_316' title='bbox 671 3683 876 3752; x_wconf 89' lang='lat' dir='ltr'><strong>amicissimus</strong></span> <span class='ocrx_word' id='word_1_317' title='bbox 903 3682 913 3758; x_wconf 88' lang='lat' dir='ltr'><strong>i</strong></span> <span class='ocrx_word' id='word_1_318' title='bbox 937 3682 964 3750; x_wconf 86' lang='lat' dir='ltr'><strong>si</strong></span> <span class='ocrx_word' id='word_1_319' title='bbox 991 3681 1164 3748; x_wconf 78' lang='lat' dir='ltr'><strong>Terentius</strong></span> 
     </span>
     <span class='ocr_line' id='line_1_39' title="bbox 42 3707 1164 3859; baseline 0 -27"><span class='ocrx_word' id='word_1_320' title='bbox 42 3769 216 3837; x_wconf 90' lang='lat' dir='ltr'><strong>moliretur:</strong></span> <span class='ocrx_word' id='word_1_321' title='bbox 239 3769 271 3835; x_wconf 90' lang='lat' dir='ltr'><strong>id</strong></span> <span class='ocrx_word' id='word_1_322' title='bbox 295 3791 358 3834; x_wconf 94' lang='lat' dir='ltr'><strong>non</strong></span> <span class='ocrx_word' id='word_1_323' title='bbox 378 3770 480 3855; x_wconf 84' lang='lat' dir='ltr'><strong>magis</strong></span> <span class='ocrx_word' id='word_1_324' title='bbox 502 3770 614 3836; x_wconf 91' lang='lat' dir='ltr'><strong>mirum</strong></span> <span class='ocrx_word' id='word_1_325' title='bbox 636 3779 701 3848; x_wconf 91' lang='lat' dir='ltr'><strong>est,</strong></span> <span class='ocrx_word' id='word_1_326' title='bbox 724 3791 819 3859; x_wconf 88' lang='lat' dir='ltr'><strong>quam</strong></span> <span class='ocrx_word' id='word_1_327' title='bbox 841 3707 989 3855; x_wconf 76' lang='lat' dir='ltr'><strong>quocica</strong></span> <span class='ocrx_word' id='word_1_328' title='bbox 1011 3780 1164 3853; x_wconf 90' lang='lat' dir='ltr'><strong>tempore,</strong></span> 
     </span>
     <span class='ocr_line' id='line_1_40' title="bbox 3 3851 1165 3955; baseline 0 -37"><span class='ocrx_word' id='word_1_329' title='bbox 3 3887 4 3898; x_wconf 25' lang='grc' dir='ltr'><strong>κ</strong></span> <span class='ocrx_word' id='word_1_330' title='bbox 44 3875 101 3938; x_wconf 88' lang='lat' dir='ltr'><strong>quc</strong></span> <span class='ocrx_word' id='word_1_331' title='bbox 126 3854 316 3920; x_wconf 88' lang='lat' dir='ltr'><strong>Academica</strong></span> <span class='ocrx_word' id='word_1_332' title='bbox 339 3855 515 3942; x_wconf 88' lang='lat' dir='ltr'><strong>posteriora</strong></span> <span class='ocrx_word' id='word_1_333' title='bbox 539 3855 776 3934; x_wconf 89' lang='lat' dir='ltr'><strong>conscribebat,</strong></span> <span class='ocrx_word' id='word_1_334' title='bbox 805 3877 900 3955; x_wconf 88' lang='lat' dir='ltr'><strong>qnam</strong></span> <span class='ocrx_word' id='word_1_335' title='bbox 924 3851 1165 3942; x_wconf 90' lang='lat' dir='ltr'><strong>philosophandi</strong></span> 
     </span>
     <span class='ocr_line' id='line_1_41' title="bbox 43 3939 1163 4028; baseline 0.003 -29"><span class='ocrx_word' id='word_1_336' title='bbox 43 3939 190 4005; x_wconf 88' lang='lat' dir='ltr'><strong>rationem</strong></span> <span class='ocrx_word' id='word_1_337' title='bbox 207 3940 257 4006; x_wconf 90' lang='lat' dir='ltr'><strong>ille</strong></span> <span class='ocrx_word' id='word_1_338' title='bbox 277 3940 471 4028; x_wconf 90' lang='lat' dir='ltr'><strong>potissimum</strong></span> <span class='ocrx_word' id='word_1_339' title='bbox 491 3941 655 4028; x_wconf 89' lang='lat' dir='ltr'><strong>probaret,</strong></span> <span class='ocrx_word' id='word_1_340' title='bbox 676 3961 739 4004; x_wconf 92' lang='lat' dir='ltr'><strong>non</strong></span> <span class='ocrx_word' id='word_1_341' title='bbox 757 3961 797 4004; x_wconf 85' lang='lat' dir='ltr'><strong>ex</strong></span> <span class='ocrx_word' id='word_1_342' title='bbox 815 3940 893 4005; x_wconf 79' lang='lat' dir='ltr'><strong>illins</strong></span> <span class='ocrx_word' id='word_1_343' title='bbox 911 3960 969 4004; x_wconf 92' lang='lat' dir='ltr'><strong>cre</strong></span> <span class='ocrx_word' id='word_1_344' title='bbox 984 3949 1163 4024; x_wconf 84' lang='lat' dir='ltr'><strong>acceperat,</strong></span> 
     </span>
     <span class='ocr_line' id='line_1_42' title="bbox 44 4017 1259 4112; baseline 0 -26"><span class='ocrx_word' id='word_1_345' title='bbox 44 4023 95 4088; x_wconf 88' lang='lat' dir='ltr'><strong>sed</strong></span> <span class='ocrx_word' id='word_1_346' title='bbox 125 4024 334 4093; x_wconf 88' lang='lat' dir='ltr'><strong>coniectando</strong></span> <span class='ocrx_word' id='word_1_347' title='bbox 363 4037 484 4092; x_wconf 88' lang='lat' dir='ltr'><strong>tantum</strong></span> <span class='ocrx_word' id='word_1_348' title='bbox 510 4025 635 4112; x_wconf 87' lang='lat' dir='ltr'><strong>assequi</strong></span> <span class='ocrx_word' id='word_1_349' title='bbox 663 4024 820 4090; x_wconf 87' lang='lat' dir='ltr'><strong>studebat.</strong></span> <span class='ocrx_word' id='word_1_350' title='bbox 880 4023 924 4090; x_wconf 87' lang='lat' dir='ltr'><strong>Et</strong></span> <span class='ocrx_word' id='word_1_351' title='bbox 954 4022 1063 4088; x_wconf 82' lang='lat' dir='ltr'><strong>fefollit</strong></span> <span class='ocrx_word' id='word_1_352' title='bbox 1091 4043 1166 4111; x_wconf 87' lang='lat' dir='ltr'><strong>eum</strong></span> <span class='ocrx_word' id='word_1_353' title='bbox 1255 4017 1259 4028; x_wconf 74' lang='grc'><em>“</em></span> 
     </span>
     <span class='ocr_line' id='line_1_43' title="bbox 45 4105 1163 4211; baseline 0.002 -39"><span class='ocrx_word' id='word_1_354' title='bbox 45 4108 239 4192; x_wconf 86' lang='lat' dir='ltr'><strong>coniectura,</strong></span> <span class='ocrx_word' id='word_1_355' title='bbox 267 4133 340 4176; x_wconf 91' lang='lat' dir='ltr'><strong>nam</strong></span> <span class='ocrx_word' id='word_1_356' title='bbox 364 4132 437 4176; x_wconf 91' lang='lat' dir='ltr'><strong>cnm</strong></span> <span class='ocrx_word' id='word_1_357' title='bbox 463 4121 589 4211; x_wconf 89' lang='lat' dir='ltr'><strong>putaret</strong></span> <span class='ocrx_word' id='word_1_358' title='bbox 615 4107 699 4176; x_wconf 88' lang='lat' dir='ltr'><strong>illum</strong></span> <span class='ocrx_word' id='word_1_359' title='bbox 721 4108 865 4176; x_wconf 78' lang='lat' dir='ltr'><strong>Antiochi</strong></span> <span class='ocrx_word' id='word_1_360' title='bbox 887 4105 1068 4174; x_wconf 84' lang='lat' dir='ltr'><strong>Academici</strong></span> <span class='ocrx_word' id='word_1_361' title='bbox 1092 4105 1163 4192; x_wconf 92' lang='lat' dir='ltr'><strong>pbi-</strong></span> 
     </span>
     <span class='ocr_line' id='line_1_44' title="bbox 43 4187 1162 4282; baseline 0.005 -30"><span class='ocrx_word' id='word_1_362' title='bbox 43 4187 103 4258; x_wconf 91' lang='lat' dir='ltr'><strong>loso</strong></span> <span class='ocrx_word' id='word_1_363' title='bbox 126 4193 222 4263; x_wconf 86' lang='lat' dir='ltr'><strong>bandi</strong></span> <span class='ocrx_word' id='word_1_364' title='bbox 250 4217 372 4282; x_wconf 86' lang='lat' dir='ltr'><strong>genere</strong></span> <span class='ocrx_word' id='word_1_365' title='bbox 398 4217 533 4264; x_wconf 82' lang='lat' dir='ltr'><strong>maxume</strong></span> <span class='ocrx_word' id='word_1_366' title='bbox 560 4192 712 4260; x_wconf 88' lang='lat' dir='ltr'><strong>delectari</strong></span> <span class='ocrx_word' id='word_1_367' title='bbox 760 4205 795 4265; x_wconf 94' lang='lat' dir='ltr'><strong>ut</strong></span> <span class='ocrx_word' id='word_1_368' title='bbox 822 4193 932 4262; x_wconf 85' lang='lat' dir='ltr'><strong>scribit</strong></span> <span class='ocrx_word' id='word_1_369' title='bbox 957 4191 999 4258; x_wconf 89' lang='lat' dir='ltr'><strong>ad</strong></span> <span class='ocrx_word' id='word_1_370' title='bbox 1018 4191 1162 4260; x_wconf 83' lang='lat' dir='ltr'><strong>Atticum</strong></span> 
     </span>
     <span class='ocr_line' id='line_1_45' title="bbox 42 4272 1161 4378; baseline -0.003 -36"><span class='ocrx_word' id='word_1_371' title='bbox 42 4272 86 4342; x_wconf 88' lang='lat' dir='ltr'><strong>lll</strong></span> <span class='ocrx_word' id='word_1_372' title='bbox 125 4328 134 4359; x_wconf 95' lang='lat'><strong>,</strong></span> <span class='ocrx_word' id='word_1_373' title='bbox 156 4281 206 4346; x_wconf 82' lang='lat'><strong>19.</strong></span> <span class='ocrx_word' id='word_1_374' title='bbox 230 4292 263 4347; x_wconf 90' lang='lat' dir='ltr'><strong>et</strong></span> <span class='ocrx_word' id='word_1_375' title='bbox 290 4281 429 4352; x_wconf 85' lang='lat' dir='ltr'><strong>similiter</strong></span> <span class='ocrx_word' id='word_1_376' title='bbox 450 4280 492 4346; x_wconf 92' lang='lat' dir='ltr'><strong>ad</strong></span> <span class='ocrx_word' id='word_1_377' title='bbox 519 4279 612 4346; x_wconf 89' lang='lat' dir='ltr'><strong>famil.</strong></span> <span class='ocrx_word' id='word_1_378' title='bbox 628 4279 694 4362; x_wconf 82' lang='lat' dir='ltr'><strong>lx,</strong></span> <span class='ocrx_word' id='word_1_379' title='bbox 714 4281 744 4346; x_wconf 81' lang='lat'><strong>8.</strong></span> <span class='ocrx_word' id='word_1_380' title='bbox 772 4329 781 4360; x_wconf 93' lang='lat'><strong>,</strong></span> <span class='ocrx_word' id='word_1_381' title='bbox 813 4291 910 4366; x_wconf 86' lang='lat' dir='ltr'><strong>abque</strong></span> <span class='ocrx_word' id='word_1_382' title='bbox 937 4275 965 4341; x_wconf 92' lang='lat' dir='ltr'><strong>ei</strong></span> <span class='ocrx_word' id='word_1_383' title='bbox 991 4287 1161 4378; x_wconf 89' lang='lat' dir='ltr'><strong>propterea</strong></span> 
     </span>
    </p>
   </div>
   <div class='ocr_carea' id='block_1_6' title="bbox 42 4357 1287 4454">
    <p class='ocr_par' dir='ltr' id='par_1_6' title="bbox 42 4357 1287 4454">
     <span class='ocr_line' id='line_1_46' title="bbox 42 4357 1287 4454; baseline -0.001 -29"><span class='ocrx_word' id='word_1_384' title='bbox 42 4357 126 4430; x_wconf 87' lang='lat' dir='ltr'><strong>huius</strong></span> <span class='ocrx_word' id='word_1_385' title='bbox 141 4364 296 4446; x_wconf 87' lang='lat' dir='ltr'><strong>Antiochi,</strong></span> <span class='ocrx_word' id='word_1_386' title='bbox 318 4366 371 4454; x_wconf 91' lang='lat' dir='ltr'><strong>qui</strong></span> <span class='ocrx_word' id='word_1_387' title='bbox 383 4389 403 4433; x_wconf 88' lang='lat' dir='ltr'><strong>e</strong></span> <span class='ocrx_word' id='word_1_388' title='bbox 417 4387 498 4434; x_wconf 85' lang='lat' dir='ltr'><strong>nova</strong></span> <span class='ocrx_word' id='word_1_389' title='bbox 511 4364 543 4429; x_wconf 91' lang='lat' dir='ltr'><strong>in</strong></span> <span class='ocrx_word' id='word_1_390' title='bbox 555 4376 695 4434; x_wconf 89' lang='lat' dir='ltr'><strong>veterem</strong></span> <span class='ocrx_word' id='word_1_391' title='bbox 706 4364 908 4436; x_wconf 89' lang='lat' dir='ltr'><strong>Academiam</strong></span> <span class='ocrx_word' id='word_1_392' title='bbox 924 4371 1161 4448; x_wconf 78' lang='lat' dir='ltr'><strong>remigraverat,</strong></span> <span class='ocrx_word' id='word_1_393' title='bbox 1255 4417 1257 4425; x_wconf 82' lang='grc'>,</span> <span class='ocrx_word' id='word_1_394' title='bbox 1284 4379 1287 4385; x_wconf 80' lang='lat'>·</span> 
     </span>
    </p>
   </div>
   <div class='ocr_carea' id='block_1_7' title="bbox 0 0 1450 4820">
    <p class='ocr_par' dir='ltr' id='par_1_7' title="bbox 0 0 1450 4820">
     <span class='ocr_line' id='line_1_47' title="bbox 0 0 1450 4820; baseline 0 5"><span class='ocrx_word' id='word_1_395' title='bbox 0 0 1450 4820; x_wconf 95' lang='lat' dir='ltr'><strong> </strong></span> 
     </span>
    </p>
   </div>
  </div>
 </body>
</html>
