2866 4812
887 207 894 244 l

265 257 347 334 190
414 285 417 292 ‘
590 357 591 362 γ
660 287 780 332 cisen
819 285 1018 336 ocrnthS.

268 428 431 538 restis,
459 457 494 520 et
515 446 581 521 hee
610 472 807 546 puppes,
830 457 990 520 restes.
1014 511 1015 516 ,
1043 445 1133 518 Item
1159 447 1255 544 quod
1279 450 1318 520 in
1347 473 1403 544 pu·

267 551 356 622 trieo
386 573 477 622 casu·
499 547 568 623 hoc
601 574 712 648 genus
743 547 951 648 dispariliter
979 547 1114 621 dicotur
1139 551 1401 640 civitatum,

205 661 522 748 sepimentum,
551 660 587 722 et
611 651 890 742 civitatium,
925 652 1202 747 parentium:
1236 652 1273 722 in
1300 676 1404 723 necu-

211 745 368 824 -sandi
388 749 453 824 hos
471 762 665 846 montes,
693 752 855 846 fontes,
884 751 1006 824 ethos
1031 745 1218 846 iuontis,
1245 752 1401 826 fontis.

204 876 260 952 58
293 961 295 965 .
372 884 457 958 67.’
478 888 566 962 Item
594 914 695 981 enm,
729 891 760 962 si
783 888 1033 986 sit'nnalogie,
1068 885 1216 960 debeant
1240 915 1258 960 n
1284 889 1403 960 simili-

268 989 334 1062 bus
367 987 482 1060 vorbis
518 990 674 1062 similiter
705 989 885 1064 declinatis
916 989 1039 1062 similia
1072 988 1170 1082 fieri,
1207 1000 1241 1062 et
1272 991 1310 1062 id
1338 1019 1404 1062 non

267 1091 344 1164 lieri
376 1090 512 1163 ostendi
545 1093 676 1188 possit,
717 1090 970 1190 despiciendam
1006 1115 1080 1163 eom
1115 1116 1189 1163 esse
1221 1094 1400 1164 rationem.

267 1189 383 1289 Atqui
407 1191 620 1265 ostenditur:
657 1219 737 1266 nom
763 1192 847 1292 quid
873 1204 986 1292 potest
1014 1191 1160 1264 similius
1189 1218 1269 1266 esse
1300 1221 1426 1292 quam,

268 1319 401 1392 gens,
437 1319 577 1388 mens,
613 1295 749 1368 densi
788 1321 892 1393 quom
916 1294 1040 1367 horum
1068 1297 1349 1393 cnsuspntrions
1372 1309 1426 1368 et'

269 1398 490 1468 accusativus
514 1398 552 1468 iu
577 1395 796 1470 multitudine
818 1400 888 1470 sint
908 1395 1098 1492 disparilis:
1135 1421 1222 1468 vnom
1245 1423 1266 1468 e
1292 1400 1403 1494 primo

206 1497 309 1572 eoolit
341 1499 540 1596 gentium
570 1509 604 1571 et
633 1500 810 1597 gentis,
847 1496 1031 1596 utrobique
1059 1509 1099 1570 ut
1127 1499 1171 1569 sit
1195 1499 1238 1570 l:
1280 1499 1326 1571 ab
1352 1527 1426 1572 ser

103 1673 108 1677 ,
212 1592 386 1671 'eundo
411 1602 630 1672 mentium
655 1611 690 1673 et
714 1611 903 1692 mentes,
931 1602 1029 1672 utin
1054 1601 1168 1698 priore
1193 1599 1276 1673 solo.
1294 1603 1341 1672 sit
1363 1603 1401 1672 1:

269 1698 315 1770 ob
348 1703 449 1772 tertio
487 1699 667 1772 dentum
700 1714 734 1774 et
771 1701 954 1795 dentes,
994 1712 1034 1773 ut
1066 1705 1104 1775 in
1136 1712 1258 1775 neutro
1290 1704 1337 1775 sit
1369 1704 1401 1774 Ι.

210 1797 340 1872 12168.
367 1799 429 1874 sic
450 1802 546 1894 item,
574 1803 737 1898 quoniam
761 1803 872 1874 simile
896 1815 949 1876 cst
971 1815 1067 1882 recto
1090 1828 1172 1875 casu
1193 1806 1402 1897 sciurus*,

178 1931 182 1940 ·
270 1901 429 1999 lupuS,
458 1901 607 1998 lepus,
639 1913 785 2002 rogent,
813 1930 902 2000 quor
926 1930 997 1976 non
1023 1904 1160 1976 dicatur
1183 1909 1426 2003 proportione]

188 2065 192 2072 .
269 2006 399 2096 scium,
428 2004 525 2101 lupo,
550 2005 643 2102 lepo.
696 2003 764 2078 Sin
784 2004 1046 2103 respondentur,
1069 2007 1195 2080 similia
1218 2034 1288 2079 non
1311 2007 1426 2098 essm]

268 2104 365 2202 quod
385 2131 425 2176 eo
448 2131 611 2178 vocemus
634 2104 867 2199 dissimiliter,
901 2109 1036 2199 sciure,
1072 2107 1177 2212 lupe,
1213 2109 1314 2206 lepus
1339 2112 1402 2206 (sic

271 2208 363 2278 enim
395 2206 603 2305 respondere
634 2207 744 2280 voluit
767 2204 995 2288 Aristarchus
1021 2208 1175 2304 Crateti3
1213 2237 1294 2284 nam
1326 2207 1426 2283 cumi

209 2309 463 2405 inscripsisset
494 2309 617 2380 similia
643 2335 719 2382 esse
748 2309 994 2403 Philomedes,
1029 2312 1257 2404 Heraclides,
1299 2313 1402 2386 Meli-

206 2401 401 2503 ”certes,
431 2408 516 2484 dixit
539 2438 609 2484 non
636 2438 710 2484 esse
732 2413 878 2507 similia,
906 2412 1121 2490 invocando
1147 2417 1238 2488 enim
1265 2440 1345 2486 enm
1371 2416 1426 2486 Ε

270 2510 368 2584 brevi
399 2512 469 2584 dici
493 2512 810 2606 Philomedes,
845 2539 925 2587 cum
949 2515 985 2586 E
1009 2516 1114 2614 longo
1139 2517 1403 2608 Heraclide,
1425 2551 1426 2614 3

197 2639 352 2710 (omnum
373 2609 412 2686 A
433 2612 532 2686 brevi
557 2613 844 2712 Melicertn):
872 2617 910 2688 in
929 2613 998 2690 hoc
1020 2617 1141 2692 dieunt
1157 2617 1406 2692 Aristarchum
1425 2643 1426 2722 ]

245 2825 347 2895 ,tetigi
364 2823 391 2878 in
408 2831 495 2878 annot.
514 2824 548 2878 od
565 2827 598 2891 V,
616 2830 642 2879 5.
679 2826 753 2879 Adde
771 2825 854 2878 omnis
872 2827 905 2893 V,
923 2829 983 2880 14³.
1011 2829 1077 2896 VH,
1091 2834 1153 2884 105.
1179 2833 1347 2886 novendialis
1361 2836 1426 2900 vr.

268 2900 313 2948 26.
349 2894 438 2954 auris,
456 2897 526 2962 quod
543 2898 659 2962 restitui,
677 2897 722 2964 VI,
735 2901 778 2950 83.
807 2897 943 2950 muliebris
957 2899 1059 2965 lX,4o.
1094 2902 1169 2956 Neve
1185 2905 1289 2970 eredes,
1308 2901 1426 2960 Varro-i

261 2977 328 3020 'nem
353 2969 437 3020 solum
463 2966 528 3022 hano
552 2969 701 3022 nominativi
724 2969 832 3023 formem
857 2986 1018 3038 usurpasset·
1037 2973 1070 3038 V,
1090 2977 1150 3027 14³.
1182 2975 1275 3040 urbes,
1299 2993 1370 3043 quse
1392 2953 1426 3040 el

267 3039 386 3114 Varrone
410 3039 544 3106 dicuutur,
577 3056 610 3093 ex
637 3041 721 3093 literis
750 3041 863 3108 antiquis
887 3042 1033 3096 scribuntur
1059 3042 1156 3096 urbeis.
1210 3048 1303 3114 ltaque
1331 3052 1405 3102 etiem

267 3109 364 3162 Plauto
381 3110 580 3164 vindicaverint
606 3110 705 3162 liberae
723 3121 788 3164 sunt
806 3111 910 3177 aedeis,
930 3113 987 3165 Mil.
1000 3117 1068 3181 glor.
1085 3115 1140 3180 111,
1160 3121 1185 3182 1,
1200 3122 1243 3171 84.
1262 3126 1290 3171 et
1304 3123 1404 3174 similia.
1425 3143 1426 3152 ¹

270 3177 390 3246 dicator]
408 3189 450 3248 vg.
487 3182 615 3260 dicontur
634 3182 709 3236 codd.
746 3183 799 3236 Sed
819 3182 852 3235 de
870 3201 894 3235 e.
913 3183 975 3236 nihil
992 3193 1161 3241 memoratum
1180 3191 1274 3243 inveni.

381 3283 434 3354 67.
478 3315 539 3362 ens,
557 3317 643 3365 mens,
662 3298 736 3366 dens]
755 3301 800 3353 Sic
820 3298 883 3352 hoec
900 3316 941 3352 vv.
960 3301 1079 3368 ponende
1097 3319 1154 3358 esse
1170 3304 1270 3359 monuit
1286 3307 1404 3375 Spenge

269 3369 328 3423 lius.
365 3388 436 3422 mens
456 3316 557 3438 amnes
575 3370 625 3438 Η.)
644 3389 708 3448 gens
727 3369 791 3422 dens
810 3369 888 3439 (dens
905 3389 971 3440 gens
988 3372 1035 3440 F.)
1054 3374 1130 3427 codd.
1318 3378 1403 3450 quom]
1425 3433 1426 3440 ἵ

268 3442 370 3510 scripsi.
409 3459 521 3512 quornm
539 3442 573 3494 G.
610 3459 670 3492 corn
688 3447 752 3494 cett.
812 3441 815 3448 ’
865 3441 1012 3512 disparitis]
1025 3461 1048 3496 e
1085 3445 1226 3514 dispariles
1244 3454 1308 3502 cett.
1380 3445 1426 3515 1]}

268 3530 312 3580 vg.
341 3529 392 3566 om.
411 3511 486 3566 codd.
599 3512 630 3580 I]
649 3529 702 3582 vg.·
727 3511 758 3562 id
766 3520 815 3580 ⁴est
831 3512 889 3566 Fe.
920 3529 970 3567 om.
982 3513 1017 3567 H.
1132 3519 1163 3583 I]
1181 3535 1224 3587 vg.
1261 3537 1311 3574 om
1333 3521 1426 3582 codd]

268 3585 367 3638 redde
386 3602 409 3638 a.
429 3600 480 3638 noo
497 3583 586 3650 liquet.
1271 3599 1273 3605 ·
1425 3585 1426 3636 ζ

381 3684 435 3750 68.
461 3697 606 3764 sciurus*]
630 3699 698 3751 coni.
723 3697 893 3764 Augustinus.
940 3717 1022 3753 eterno
1041 3702 1116 3756 codd.
1144 3712 1171 3758 ct
1195 3706 1258 3758 item
1281 3706 1308 3759 in
1335 3724 1401 3774 seqq.
1425 3745 1426 3748 =

265 3769 448 3841 proportione]
467 3771 499 3824 F.
532 3771 727 3839 proportionem
743 3775 806 3821 cett.
826 3768 901 3821 codd.
945 3772 1067 3827 Abtetivo
1083 3773 1133 3828 hoc
1150 3793 1253 3846 semper
1270 3771 1309 3830 sic
1327 3782 1402 3832 utitur
1425 3827 1426 3832 ,

269 3845 394 3910 scriptor,
417 3847 449 3893 ut
465 3841 535 3893 dicat
552 3841 644 3894 etium:
668 3839 835 3908 proportione
853 3846 925 3905 esse,
946 3847 1117 3914 proportione
1136 3847 1197 3901 diei.
1240 3849 1272 3902 V.
1292 3851 1326 3915 V,
1347 3855 1401 3902 lto.

214 3959 216 3964 ,
267 3913 342 3979 VIII,
357 3916 453 3966 78,80.
477 3911 525 3976 IX,
543 3915 638 3964 oleo.
662 3911 696 3977 Χ,
710 3914 916 3964 ³7.41.4r.65.
1007 3915 1060 3984 (oie
1078 3915 1401 3988 enim..‘..Melicerto)]

268 3985 344 4038 Haec
362 4001 396 4036 ex
415 3980 555 4036 Aristarchi
571 3984 675 4052 scriptis
689 3981 870 4052 parenthetice
888 3983 985 4040 inserte
1003 4003 1060 4041 esse
1078 3989 1236 4056 significavi,
1255 4007 1314 4044 eum
1335 3993 1401 4060 prio

269 4070 311 4107 res
328 4057 354 4108 in
372 4071 396 4107 v.
415 4053 559 4106 Melicerta
576 4054 685 4123 periodo
702 4056 780 4106 tinem
798 4055 967 4121 imponerent.
1080 4055 1155 4113 'cnm
1172 4065 1198 4112 Ε
1216 4059 1298 4130 breve]
1317 4063 1348 4115 F.
1375 4067 1401 4112 ut
1425 4101 1426 4112 ,

268 4142 312 4192 vg.
348 4127 374 4176 Ε
391 4141 440 4177 om.
460 4125 537 4177 GHa.
705 4124 883 4193 Philomedes]
902 4130 1001 4197 scripsi.
1042 4128 1195 4183 Philomede
1214 4133 1288 4188 codd.
1314 4139 1344 4186 ut
1360 4149 1401 4198 vg.

268 4196 315 4260 A]
340 4194 438 4247 addidit
462 4195 609 4264 Scioppius.
642 4211 695 4250 om.
716 4197 790 4249 codd.
820 4212 863 4264 vg.
882 4200 916 4248 E.
1083 4204 1238 4269 Melicerta]
1256 4205 1399 4273 Scioppius.
1425 4195 1426 4230 t

268 4263 406 4320 Melicerte
424 4265 498 4318 codd.
536 4267 572 4319 Ut
595 4268 667 4320 loeus
692 4283 759 4320 nnuc
784 4269 889 4322 refictus
912 4273 967 4334 est,
994 4276 1021 4322 et
1036 4273 1100 4327 Vere
1116 4281 1176 4328 snut
1200 4291 1266 4342 quse
1283 4275 1400 4329 dicuntur

269 4344 297 4392 et
318 4335 510 4390 accommodate
534 4338 619 4392 omnis
641 4339 674 4390 nd
693 4337 834 4395 Aristarchi
857 4339 1073 4410 disputationem,
1103 4348 1217 4413 quinon
1234 4361 1292 4400 esee
1309 4347 1398 4400 sinitis
