2890 4820
462 295 725 344 corrosis.
1093 290 1157 346 nux

42 451 174 522 rocab'uli
193 471 271 526 naut
301 451 437 520 Parum
458 453 574 533 deeras
606 453 788 523 coniectura
814 475 854 520 ex
880 475 962 524 nexu
990 459 1159 528 senutntia·

40 562 105 606 rum
126 550 237 628 capta,
276 561 372 627 quam
400 539 558 608 interdum
588 539 682 606 etiam
709 537 857 606 felellisse
884 541 966 623 illos,
998 566 1094 610 unum
1117 567 1158 612 ex

41 625 172 726 pleribus
202 624 375 712 exemplum
402 635 449 692 est
478 625 572 704 VIII,
595 626 644 690 10.
694 624 901 694 Nihilominus
923 631 1017 696 etiarn
1037 630 1058 694 ii
1078 629 1159 710 libri,

41 733 87 796 qur
102 711 262 796 antiquum
284 709 427 776 codicem
449 709 624 796 religiosius
648 708 794 791 reddunt,
814 712 943 779 lacunas
965 734 1157 802 permagnos
1275 789 1277 796 ¹

41 795 186 881 quasdam
221 796 289 862 sine
320 796 481 862 notatione
513 795 773 863 transmiserunt:
816 797 902 882 quod
936 799 1056 866 Iactum
1086 823 1159 867 esse

40 892 104 966 post
122 881 180 959 VI,
201 883 253 947 78.
274 891 306 948 et
325 883 376 946 85.
398 895 494 969 atque
517 891 592 968 post
612 880 672 958 IX,
691 880 742 944 48.
763 890 796 945 et
809 884 877 963 70.,
900 884 932 949 in
955 885 1159 952 annotatione

40 963 255 1032 demonstrari.
311 965 426 1032 Mirum
459 966 592 1045 accidit,
627 964 713 1052 quod
744 963 885 1049 pluribus
916 968 1011 1048 locis,
1045 971 1159 1057 quibus

39 1073 147 1135 magna
180 1050 397 1138 disputationis
431 1073 506 1138 pars
538 1049 760 1127 desideratur,
786 1071 898 1135 pauca
924 1055 1021 1122 rerba
1049 1054 1160 1122 relicta

40 1148 121 1214 sunt,
153 1158 239 1225 quae
267 1136 422 1224 utrimque
450 1136 534 1202 omni
565 1157 648 1200 nexu
669 1134 791 1209 soluta,
822 1134 903 1200 velut
923 1137 965 1204 de
990 1139 1159 1227 naufragio

13 1221 173 1301 tabulae,
207 1223 239 1286 in
268 1222 402 1308 gurgite
429 1231 520 1286 vasto
549 1229 667 1286 natant.
721 1217 912 1284 Huiusmodi
943 1233 1017 1290 sunt
1045 1228 1159 1294 verba:

38 1327 112 1368 nem
131 1329 241 1372 manu
261 1328 414 1370 asserere
435 1304 523 1369 dicit
545 1303 599 1381 VI,
623 1304 691 1379 64..
724 1325 904 1391 quanquam
932 1304 982 1370 illo
1003 1307 1074 1373 loco
1096 1331 1159 1376 non

38 1389 136 1456 multa
155 1394 325 1478 absumpta
352 1399 442 1469 sunt;
474 1387 700 1456 eiusdemmodi
730 1388 816 1454 dicta
838 1387 880 1454 de
908 1393 1105 1477 manupretio
1128 1403 1161 1460 et

38 1476 186 1564 mancipio
200 1476 264 1554 VI,
279 1475 349 1551 85„
372 1486 405 1541 et
425 1473 467 1538 de
488 1471 679 1562 acquirendo
699 1473 760 1551 VI,
779 1474 851 1554 79.;
873 1495 956 1560 quae
978 1495 1041 1542 non
1063 1476 1161 1544 modo

38 1581 112 1626 nexu
142 1559 263 1639 soluta,
305 1557 364 1626 sed
396 1581 439 1624 ne
475 1580 532 1624 suo
564 1557 691 1647 quidem
720 1557 792 1624 loco
823 1560 961 1645 reposita
996 1560 1161 1648 intelliget,

37 1645 81 1731 qui
103 1644 287 1732 argumenti
308 1642 544 1733 dispositionem
568 1643 829 1717 consideraverit,
858 1666 930 1710 cum
950 1668 989 1710 cx
1009 1645 1161 1712 inferiore

37 1731 172 1816 quadam
201 1729 334 1808 lacuna,
375 1752 458 1816 quae
484 1739 557 1815 post
586 1727 647 1806 VI,
676 1730 726 1794 85.
755 1728 895 1796 indicata
928 1741 994 1808 cst,
1034 1744 1160 1798 serrata

37 1837 66 1880 ea
103 1836 179 1880 esse
206 1823 363 1901 appareat
420 1817 521 1900 Atque
546 1835 588 1878 ne
615 1813 775 1898 geminum
805 1813 871 1880 eius
903 1814 949 1878 rei
981 1817 1160 1904 exemplum

37 1900 251 1988 requiramus,
283 1897 386 1964 locum
415 1898 457 1963 de
484 1897 696 1984 gladiatorum
726 1901 986 1984 cognominibus,
1016 1901 1083 1976 IX,
1105 1905 1158 1968 71.

37 2006 91 2050 non
110 2007 153 2050 ex
173 2005 210 2048 ca
225 1981 345 2061 lacuna,
367 1984 419 2049 cui
437 1984 525 2071 quasi
547 1982 695 2063 imminet,
716 1982 774 2048 sed
790 2007 829 2049 ex
847 1983 1022 2071 superiore,
1043 1985 1084 2048 ad
1100 1986 1158 2066 IX,

37 2071 80 2134 ta.
102 2079 229 2149 notata,
259 2068 401 2134 relictum
430 2091 519 2141 esse,
551 2067 662 2134 iisdem
691 2069 864 2135 rationibus
895 2067 1021 2134 ostendi
1043 2082 1158 2154 potest.

38 2153 196 2230 Tertium,
236 2152 294 2218 sed
325 2154 428 2219 minus
458 2163 602 2238 apertum
633 2155 809 2242 exemplum
838 2154 995 2240 reperitur
1022 2152 1086 2232 IX,
1106 2158 1158 2222 75.

37 2237 81 2304 Es
101 2261 166 2327 quo
188 2237 354 2324 colligitur,
385 2261 424 2303 ex
445 2239 536 2302 ruina
553 2235 722 2303 multorum
747 2239 892 2304 foliorum
912 2239 1040 2304 lacinias
1052 2261 1158 2340 ,quas-

39 2321 103 2388 dam
124 2322 336 2410 superfuisse,
357 2323 389 2386 in
411 2323 523 2409 quibus
545 2320 679 2407 scripta,
702 2344 745 2388 ne
763 2323 917 2410 perirent,
939 2325 979 2388 ab
1002 2345 1041 2387 eo
1064 2323 1157 2389 lrbra-

39 2407 95 2488 rio,
127 2409 182 2497 qui
213 2409 270 2474 bas
298 2407 446 2494 reliquias
473 2405 693 2486 resarcinavit,
726 2431 790 2495 quo
820 2408 891 2473 loco
921 2407 950 2473 ei
980 2405 1156 2490 ridebatur,

39 2495 171 2582 reposita
193 2503 275 2560 sunt.
1163 2535 1171 2546 ·

139 2578 240 2646 Multo
270 2574 412 2644 crebrius
436 2574 585 2642 orationis
606 2585 698 2642 tenor
723 2573 963 2663 interrumpitur
985 2579 1157 2646 minoribus

40 2658 166 2745 bonnis,
187 2685 247 2752 per
270 2683 378 2728 omnes
399 2660 501 2744 libros·
516 2661 563 2726 dis
588 2661 674 2726 ersis.
723 2660 866 2734 Quarum
888 2686 960 2749 pars
983 2689 1022 2730 ex
1044 2668 1158 2733 eadem
1183 2659 1201 2692 '¹

42 2751 144 2817 vetusti
165 2747 285 2816 codicis
307 2746 474 2812 miserabili
496 2684 675 2811 conditione
696 2756 787 2811 ortae
807 2769 879 2812 esse
900 2749 1063 2832 ridentur,
1096 2774 1159 2839 qua
1246 2806 1252 2814 .

42 2836 165 2901 maxime
190 2835 223 2900 in
252 2832 380 2901 summis
410 2844 442 2897 et
472 2831 618 2898 extremis
647 2830 778 2919 pagellis
808 2843 894 2898 totos
921 2858 1018 2924 saepe
1048 2858 1159 2903 versus

43 2919 216 3008 absumptos
242 2941 313 2984 esse
334 2915 483 2983 credibile
504 2928 562 2983 est.
614 2917 652 2983 In
675 2917 738 2981 hoc
760 2938 891 2983 numero
915 2920 1036 2988 habere
1051 2922 1159 3072 possis

43 3000 160 3074 lacunas
182 3015 321 3073 totorum
345 3022 510 3080 versuum,
532 3023 610 3089 quas
632 3001 759 3088 explere
779 3001 887 3066 studui
908 3007 950 3087 V,
970 3009 1021 3072 59.
1078 3006 1104 3085 I,
1127 3005 1159 3070 4.

45 3089 104 3166 51,
139 3103 171 3158 et
202 3090 294 3156 unius
324 3086 372 3152 vel
400 3087 534 3153 duorum
565 3086 790 3152 vocabulorum
811 3087 889 3161 vll,
916 3092 947 3157 2
988 3090 1085 3171 VIII,
1107 3090 1160 3156 10.

45 3171 101 3239 Sed
122 3176 219 3242 multo
243 3173 367 3260 saepius
389 3173 499 3238 scribis
521 3194 580 3238 sua
600 3172 739 3258 ipsorum
762 3171 928 3244 oscitantia
950 3175 1054 3241 fraudi
1080 3186 1160 3255 erat,
1281 3178 1287 3188 ²

45 3267 82 3330 ut,
102 3283 171 3326 cum
193 3259 268 3348 post
286 3261 381 3324 breve
402 3258 536 3344 spatium
556 3254 642 3320 idem
663 3255 851 3324 vocabulum
872 3274 1061 3341 recurreret,
1082 3283 1161 3325 ocn-

45 3338 74 3406 lis
94 3347 132 3411 ab
153 3346 253 3412 altero
275 3343 317 3410 ad
345 3342 476 3408 alterum
497 3339 704 3408 transsilirent
734 3351 783 3422 et,
816 3367 898 3432 quae
926 3346 1031 3411 media
1060 3354 1161 3423 erant,

46 3433 250 3510 praeterirent.
292 3431 368 3494 Hoc
394 3447 452 3514 per
470 3424 725 3496 homoeoteleuta
747 3451 891 3496 errorum
910 3453 1013 3516 genus
1036 3429 1089 3517 qui
1109 3450 1161 3493 ra·

46 3510 101 3580 rius
113 3515 142 3580 in
156 3515 319 3582 codicibus
329 3512 459 3578 inveniri
472 3523 505 3578 et
516 3512 696 3580 cautissime
706 3513 919 3582 adhibendum
934 3539 1005 3580 esse
1014 3523 1158 3580 monent:

47 3614 99 3662 nae
120 3601 187 3668 illos
209 3599 358 3670 Varronis
380 3597 467 3674 libri,
500 3610 650 3684 quantam
672 3599 705 3665 id
732 3601 763 3664 ln
791 3600 997 3687 scriptoribus
1024 3598 1165 3686 antiquis

48 3684 208 3754 vestitatem
229 3686 338 3752 iacere
354 3680 491 3772 potuerit
513 3683 706 3773 feceritque,
727 3686 846 3771 optime
865 3683 984 3749 docere
1003 3693 1162 3771 poterunt.

47 3765 113 3834 Hoc
133 3795 228 3858 quam
256 3792 364 3838 verum
393 3772 448 3848 sit,
482 3783 678 3857 agnoscetur
709 3770 831 3850 statim,
866 3770 893 3834 si
925 3770 1162 3857 comparabitur

47 3848 123 3922 locus
144 3859 206 3936 VI,
229 3859 280 3924 59.
305 3878 377 3922 cum
399 3852 513 3921 eodem
536 3857 622 3942 apud
648 3854 803 3934 Gellium,
836 3854 891 3941 qui
921 3856 1058 3942 scriptor
1080 3855 1162 3922 Var-

48 3941 121 4005 ronis
149 3941 227 4008 libro
259 3941 374 4008 nostris
401 3940 499 4006 multo
520 3941 651 4006 meliore
678 3961 754 4005 usus
774 3949 832 4005 est.
887 3939 1026 4006 Maxima
1054 3950 1162 4005 autem

50 4020 224 4093 detrimenta
252 4027 315 4094 boc
342 4026 488 4094 vitiorum
512 4047 635 4111 genere
658 4025 782 4110 accepit
801 4025 880 4090 liber
907 4027 1076 4114 septimus3
1106 4023 1162 4088 ubi

50 4127 110 4176 cum
145 4125 217 4200 post
253 4134 398 4192 versum,
445 4111 477 4176 in
533 4133 577 4176 uo
612 4111 777 4178 obscurius
813 4109 940 4198 aliquod
974 4108 1162 4176 vocabulum

49 4189 133 4275 inest,
164 4197 248 4266 idam
270 4197 457 4264 vocabulum
477 4135 589 4263 salem
611 4198 715 4263 forma
743 4217 910 4262 recurrere
930 4194 1048 4274 soleat,
1078 4193 1167 4260 velut

49 4273 74 4341 in
99 4279 159 4348 hoc
184 4282 327 4370 exemplo
349 4282 440 4369 (VII,
461 4279 549 4364 50:
582 4305 666 4346 unm
700 4280 804 4345 illum
833 4279 898 4344 tibi
920 4278 1163 4366 ferentarium

48 4381 104 4428 else
122 4368 270 4434 amicum
291 4368 469 4434 inventum
488 4365 669 4456 intelligo:
694 4362 935 4451 ferentarium
955 4387 979 4428 a
995 4361 1162 4449 ¹fererrclo:

768 4477 837 4540 ”a
