2864 4814
276 233 419 308 82‘
545 300 548 306 ,
694 255 1025 304 urnrnsuxrus.

1424 367 1425 398 l

176 487 180 496 ,
278 443 385 518 wem
408 417 545 490 dicant:
587 423 732 493 Novum
759 433 861 491 vetus
890 420 1016 488 vinnm
1038 415 1119 486 bibo
1134 447 1146 509 3
1183 441 1276 488 novo
1298 420 1405 487 veteri

215 527 362 620 &vino
395 523 521 592 morbo
552 525 710 592 nnecleor.
836 515 906 589 22.
945 516 1223 593 Fontanalia
1255 517 1400 608 alonte,

279 622 375 722 quod
397 625 426 694 is
450 620 524 702 dies
550 623 655 694 seriae
680 623 777 712 eius3
816 620 860 692 ab
887 645 929 693 co
955 629 1029 690 tum
1054 629 1088 691 et
1111 621 1149 690 in
1173 618 1286 690 fontes
1312 643 1425 720 coro-p

280 751 344 797 nas
371 726 504 795 iaciunt
529 735 564 797 ct
588 735 711 822 puteos
739 732 918 816 coronant.
984 718 1337 792 Armilustrium
1364 720 1402 790 ab
1424 723 1425 760 l

279 853 321 900 eo
346 825 441 924 quod
466 827 503 896 in
528 825 736 899 armilustrio
761 827 883 896 armati
909 849 1007 895 sacra
1032 822 1184 915 faciunt,
1221 825 1289 893 uisi
1311 823 1425 900 locust

279 931 395 1025 potius
432 928 545 998 dictus
576 926 620 998 ab
654 926 733 1020 bis3
773 926 835 998 sed
867 923 1117 1023 quod·dc·,bis
1151 926 1269 1021 priua,
1307 925 1345 995 id
1367 922 1425 1006 ab3

279 1028 431 1102 ludendo
457 1039 517 1100 aut
539 1029 676 1122 lustro,
714 1027 751 1098 id
782 1042 833 1101 est
866 1026 962 1125 quod
994 1024 1224 1098 circumibant
1253 1025 1404 1097 ludentes

281 1129 451 1203 ancilibus
491 1133 627 1201 armati.
705 1129 980 1203 Saturnalia
1023 1127 1116 1200 dicta
1157 1126 1201 1198 ab
1237 1127 1425 1216 Saturno‚l

238 1232 376 1328 acquod
397 1258 438 1304 eo
460 1233 515 1305 die
538 1233 643 1305 leriae
667 1233 762 1324 eius,
800 1245 840 1304 ut
863 1242 942 1329 post
967 1231 1057 1302 diem
1082 1231 1220 1302 tertium
1246 1228 1406 1327 Opalia

220 1335 384 1432 nepopis.
580 1332 649 1405 25.
687 1329 996 1430 Angeronalia
1031 1329 1076 1402 ab
1106 1327 1298 1428 Angerona
1332 1331 1406 1427 quoi

164 1461 166 1464 ’
283 1435 494 1540 sacrilipium
513 1434 560 1532 'fit
585 1438 622 1506 in
648 1436 744 1506 curia
762 1430 939 1522 Acculeia,
959 1446 993 1506 et
1018 1435 1143 1531 quoius
1168 1432 1274 1504 feriae
1299 1433 1405 1530 publi-

282 1564 343 1610 cae
377 1540 407 1608 is
441 1537 528 1608 dies.
594 1537 895 1629 Larentinal,
936 1561 1040 1634 quem
1075 1536 1165 1607 diem
1201 1534 1344 1632 quidam
1376 1535 1407 1604 in

282 1636 467 1710 scribendo
489 1637 689 1710 Larentalia
713 1638 905 1735 appellant,
934 1638 978 1710 ab
997 1634 1100 1709 Acca
1119 1638 1284 1709 Larentia
1304 1637 1407 1708 nomi·

283 1733 406 1832 natus,
446 1742 529 1835 quoi
563 1739 759 1811 sacerdotes
793 1743 904 1814 nostri
940 1738 1079 1837 publice
1112 1748 1293 1836 parentant
1325 1738 1407 1810 sesto

244 1907 247 1920 ,
283 1840 361 1929 dic,
397 1841 458 1936 qui
483 1839 527 1911 ab
548 1867 593 1912 ea
617 1840 743 1912 dicitur
771 1892 780 1910 .
807 1893 817 1912 .
846 1893 855 1912 .
885 1895 894 1912 .
931 1839 1000 1912 24.
1103 1840 1193 1912 diem
1220 1841 1407 1912 Tarentum

282 1938 404 2013 Accae
419 1942 673 2038 Tarentinas†.
711 1941 796 2014 Hoc
816 1943 1024 2014 sacrificium
1042 1942 1082 2014 lit
1101 1943 1139 2013 in
1155 1941 1324 2032 Velabro,
1348 1965 1409 2038 qua

209 2045 320 2142 (sapin
342 2044 479 2116 Novam
505 2047 596 2116 viam
620 2046 746 2136 exitur,
774 2055 813 2117 ut
838 2047 934 2117 aiunt
958 2043 1118 2142 quidam,
1146 2043 1191 2114 ad
1218 2044 1410 2142 sepulcrum

283 2141 424 2239 Accae,
453 2157 492 2218 ut
516 2144 684 2253 quodibi
709 2171 817 2246 prope
841 2146 977 2219 faciunt
1000 2147 1081 2219 Diis
1107 2144 1274 2219 Manibus
1298 2145 1425 2219 Servi-r

286 2371 438 2442 ditrinatia]
453 2391 480 2442 a.
500 2375 525 2427 d.
544 2377 575 2430 V.
601 2378 639 2430 Id.
660 2378 766 2432 Octobr.
785 2379 819 2431 K.
832 2377 906 2432 Mats.
926 2375 1049 2428 duritem.
1086 2371 1305 2442 Septembris
1323 2370 1410 2422 utensis

284 2447 367 2497 nullas
385 2446 463 2499 ferias
481 2452 632 2503 memoravit
649 2451 749 2515 Varro,
772 2451 818 2502 sed
837 2451 955 2503 videntur
972 2448 1059 2498 nullae
1076 2446 1169 2509 luisse,
1198 2459 1306 2510 quarum
1324 2457 1409 2495 nomeu

228 2553 231 2559 ·
286 2518 435 2584 explicaret.
549 2523 658 2586 novara]
676 2538 727 2574 om.
743 2521 838 2574 GHab.
953 2516 1022 2584 biba]
1041 2515 1093 2568 libo
1111 2516 1173 2569 GH·

270 2657 272 2662 ·
396 2627 449 2692 22.
472 2642 650 2708 consanam]
664 2660 687 2695 a.
703 2643 728 2695 a.
744 2645 791 2695 ur.
809 2643 848 2694 ra.
863 2641 969 2694 onon.
989 2641 1106 2694 num
1121 2619 1246 2694 antron.
1323 2637 1410 2690 Arna-

288 2712 427 2780 luntrium]
446 2729 470 2764 a.
488 2712 515 2766 d.
534 2713 605 2766 XIV.
625 2714 683 2766 Kal.
702 2714 841 2766 No'vembr.
867 2713 901 2766 K.
921 2713 994 2764 Mad.
1012 2715 1135 2765 Amitern.
1162 2767 1163 2776 ἵ
1291 2705 1409 2768 ludendo]

288 2785 450 2847 verticulas,
467 2783 614 2852 Scioppius.
651 2785 748 2835 luendo
762 2785 837 2836 codd.
874 2785 944 2836 Dicit
962 2784 1054 2848 Varro,
1072 2785 1125 2836 sive
1142 2783 1215 2835 locus
1227 2782 1425 2854 rlrmilusttiuur1

289 2871 305 2906 a
322 2855 380 2919 die,
410 2856 464 2906 sive
483 2854 538 2906 dies
557 2872 572 2907 a
589 2857 647 2908 loco
666 2855 750 2908 dictus
770 2857 817 2920 sit,
842 2855 884 2920 id,
908 2853 978 2921 quod
998 2857 1067 2923 prius
1085 2871 1118 2907 ea
1135 2853 1347 2917 nominassent,
1372 2855 1425 2930 autp

288 2927 322 2977 ab
339 2925 451 2978 ludendo
469 2933 514 2979 aut
531 2928 563 2977 ab
589 2927 721 2980 lustrando
744 2927 839 2980 dictum
864 2943 929 2979 esse.
982 2925 1189 2980 Novembris
1213 2926 1308 2978 mensis
1332 2924 1425 2996 uullaep

288 2998 369 3057 seriae
387 3009 576 3064 memorantur,
596 3006 622 3051 et
640 3005 713 3051 eraut
731 3000 889 3066 antiquiores
906 2999 999 3050 nullae.
1070 2995 1231 3048 Saturnalia
1250 2993 1321 3065 apud
1337 2996 1425 3050 maio-t

288 3085 330 3121 res
347 3069 483 3122 a.d.XlV.
503 3070 562 3122 Kal.
580 3069 633 3123 Ian.
653 3078 711 3123 acta
729 3071 789 3122 inde
808 3088 824 3123 a
842 3071 961 3122 Caesaris
978 3075 1095 3137 tenpore
1112 3085 1136 3121 a.
1155 3068 1180 3119 d.
1198 3067 1270 3120 XVI.
1288 3067 1412 3119 celebrata

289 3145 363 3203 suut,
374 3141 476 3212 'OpalIa
494 3143 584 3193 relicta
602 3144 628 3194 iu
646 3143 672 3196 d.
691 3142 762 3194 XIV.
783 3131 949 3210 ilgMactob.
968 3142 1024 3194 Sat.
1044 3142 1072 3205 l,
1091 3144 1134 3192 10.
1152 3139 1186 3192 Κ.
1201 3139 1275 3192 Matr.
1293 3137 1425 3191 Amitemss

288 3209 375 3262 Etiam
393 3209 442 3262 boc
460 3213 518 3263 loco
536 3228 598 3265 usus
616 3230 672 3266 sum
689 3215 716 3266 in
733 3213 928 3290 Praelatiouc.,
1424 3255 1425 3260 ¹

400 3313 455 3378 23.
475 3323 683 3398 'Angeronaua
702 3349 725 3383 a.
745 3330 769 3383 a.
788 3329 848 3382 ΧΠ.
867 3329 925 3402 reat.
950 3328 1004 3382 ran.
1028 3345 1052 3381 v.
1070 3329 1137 3381 run
1163 3327 1196 3381 rt.
1215 3327 1251 3380 Η.
1275 3328 1326 3392 ru,
1342 3329 1374 3392 ⁵..
1390 3327 1411 3374 o.

290 3399 408 3454 Macrob.
428 3401 484 3454 Sat.
503 3397 530 3463 I,
550 3403 592 3450 10.
636 3404 657 3452 A
680 3403 743 3454 Diva
762 3404 900 3468 Angerona
917 3401 1021 3454 Divales
1040 3416 1087 3452 eae
1105 3400 1184 3453 leriae
1202 3399 1324 3452 dicuntur
1340 3399 1366 3450 in
1383 3396 1425 3450 K}

290 3473 363 3526 Maff.
382 3474 476 3526 Praen.
597 3471 673 3530 curia
688 3472 830 3536 Acculeia]
848 3473 922 3524 Haec
940 3473 1042 3524 aliunde
1061 3487 1111 3523 uon
1128 3477 1259 3534 actuata,
1284 3470 1334 3521 nisi
1351 3465 1412 3535 quod

290 3545 316 3596 in
334 3544 368 3596 Κ.
382 3545 476 3598 Praeu.
495 3557 529 3594 ex
547 3542 627 3592 literis
644 3541 683 3594 IN
702 3544 752 3604 alt
769 3581 872 3596 .....
895 3542 1014 3596 OCCVL
1038 3542 1210 3596 restituendus
1228 3542 1331 3595 videtur
1347 3541 1412 3592 lacus

290 3616 320 3667 in
337 3633 388 3667 ara
408 3615 499 3666 curiae
518 3613 664 3662 Occuleiae.
705 3616 763 3666 Atia
784 3611 861 3666 babet
878 3615 1028 3666 Macrobius
1046 3617 1063 3667 l.
1082 3617 1098 3667 l.
1246 3608 1425 3674 Larentinall

164 3745 167 3753 ¹
290 3688 357 3740 coni.
394 3685 546 3738 tarentinae
564 3684 639 3737 codd.
674 3684 743 3737 Illud
768 3683 864 3738 dictum
889 3686 956 3738 sicut
974 3685 1126 3738 Bacchanal.
1164 3685 1353 3738 celebrabatur
1370 3682 1411 3732 bac

236 3807 237 3818 ,
291 3773 391 3810 sacrum
406 3774 429 3808 a.
443 3758 468 3808 d.
482 3757 516 3810 X.
535 3755 594 3808 Kal.
612 3757 666 3808 lan.
680 3757 718 3809 K.
730 3755 802 3808 Maff.
821 3757 854 3808 cl.
863 3757 956 3808 Pracn.
967 3757 1083 3822 Macrob.
1095 3758 1112 3808 l.
1124 3758 1141 3808 l.
1259 3749 1412 3824 parentant]

292 3845 334 3896 vg.
366 3837 467 3896 parent
486 3837 550 3876 ante
568 3825 619 3894 (an
636 3843 694 3880 cum
714 3827 807 3880 lineola
825 3828 979 3895 supraducta
997 3827 1037 3897 b.)
1056 3827 1131 3884 codd.
1244 3825 1335 3894 festo]
1355 3825 1414 3876 sn-

291 3902 366 3966 liger.
402 3906 478 3948 sexta
497 3896 571 3950 codd.
597 3899 665 3965 quod
682 3900 818 3952 Turnebus
833 3901 871 3951 ita
887 3907 1008 3964 excusat,
1027 3906 1056 3951 ut
1073 3899 1231 3966 computatio
1248 3899 1293 3950 fiat
1310 3897 1369 3950 iude
1385 3893 1425 3945 ab¹

291 3973 365 4024 initio
381 3969 592 4022 saturnaliorum.
699 3968 733 4020 ab
751 3971 794 4035 ea]
809 3971 875 4024 coni.
901 3979 965 4021 atra
983 3972 1013 4024 F.
1039 3989 1089 4022 ara
1107 3971 1169 4023 GH.
1192 3987 1257 4020 aera
1272 3986 1296 4022 a.
1321 3976 1383 4019 acto
1392 3965 1414 4015 b.

405 4039 577 4092 Lacunam
595 4049 655 4109 post
673 4041 772 4093 dicitur
790 4043 891 4106 notavi,
908 4058 959 4094 non
977 4043 1145 4108 significatam
1163 4043 1189 4094 in
1208 4040 1283 4094 codd.
1320 4038 1415 4092 Proba-

292 4112 345 4163 bile
363 4115 418 4177 est,
444 4127 476 4163 eo
501 4113 559 4164 loco
583 4115 754 4167 narrationem
778 4113 810 4166 de
834 4114 942 4166 Tarutio
960 4115 1047 4166 Timeo
1065 4114 1204 4166 Larentiae
1229 4113 1322 4170 marito
1340 4112 1425 4162 inter-¹

246 4215 249 4223 ι
292 4182 393 4235 cidisse.
430 4181 522 4249 quue
543 4185 672 4251 respicere
690 4185 808 4238 ridentur
830 4186 913 4253 prima
930 4185 1009 4238 uerba
1026 4200 1093 4250 quae
1111 4189 1170 4254 post
1188 4186 1305 4237 lacunam
1324 4184 1413 4234 extant.

291 4251 653 4378 i‘tlpdapiorle2ccnapp4verba
677 4263 798 4326 corrupta
823 4258 960 4312 restituere
984 4256 1102 4310 volebam
1126 4257 1225 4310 Rerum
1249 4253 1412 4308 Etmscaruu

307 4345 308 4348 ,
339 4362 347 4388 ,
385 4361 393 4388 ,
451 4341 502 4392 ‘p'
568 4362 574 4376 ι
