2866 4812
163 277 175 284 .
237 210 317 286 160
621 231 742 276 naeu
783 229 998 278 saucians.

339 392 432 468 105.
468 393 513 464 ln
537 390 742 465 Aulularia:

446 511 630 604 pipella
669 522 703 577 te
733 504 909 602 [liffeim
940 517 1028 574 ante
1052 508 1176 595 cadim

241 633 354 706 idest
381 629 559 718 convicio,
595 624 805 698 declinatum
828 653 848 697 a
870 628 989 723 pipatu
1015 624 1202 722 pullorum.
1257 623 1377 697 Multa

182 734 286 814 mab
314 729 511 803 animalium
537 727 683 800 vocibus
706 728 828 800 tralata
852 729 890 797 in
914 726 1092 818 homines,
1132 728 1258 823 partim
1284 752 1377 822 quae

179 831 324 910 *suut
349 843 487 930 aperie,
521 831 644 928 partim
671 829 832 902 obscura.
887 831 1099 925 Perspicua,
1128 840 1166 900 ui
1189 829 1323 920 Ennii3

207 1021 211 1032 .
410 985 428 1038 ,·
468 957 612 1025 animus
639 979 719 1022 cem
740 965 894 1048 pectore
918 953 1095 1043 latrat,-

241 1058 383 1133 Plauti:
502 1057 504 1061 ’
864 1055 868 1062 “

359 1161 538 1252 Gannii
572 1159 721 1226 odiosus
749 1159 849 1226 oanni
881 1169 980 1252 iotae
1001 1157 1180 1247 familiae
1191 1188 1203 1248 >¹

242 1261 407 1336 Caecilii:
672 1263 673 1268 ’

360 1367 519 1434 laniem
541 1385 620 1431 rem
648 1361 674 1430 d
683 1361 696 1429 i
705 1359 786 1432 bal
795 1383 895 1448 are,
921 1373 1054 1454 cipro
1078 1360 1155 1430 nilo
1182 1359 1376 1450 habuerit,-

242 1465 391 1538 Lucilii:
1284 1469 1289 1474 ’

356 1570 465 1638 Haec
485 1570 636 1662 inquam
653 1565 840 1646 redetfflex
854 1565 989 1634 reatris
1002 1577 1113 1657 atque
1128 1565 1377 1654 eminebit,-

181 1668 419 1762 gs-oeiusdem:

359 1775 548 1860 Quantam
576 1769 810 1836 hinnitum
838 1767 948 1862 cique
974 1769 1185 1862 equitatum.

243 1897 337 1974 104.
380 1897 502 1974 Minus
528 1905 667 1992 aperta,
695 1903 735 1964 ui
756 1895 876 1966 Porcii
899 1893 942 1964 ab
968 1894 1073 1991 lupo:

579 2019 735 2089 volitare
770 2021 1029 2112 ululanti35

243 2123 353 2194 Ennii
374 2147 395 2191 a
420 2118 549 2191 vitulo:

362 2223 530 2323 Tibicina
555 2221 714 2292 maximo
743 2223 869 2295 labore
896 2225 1018 2318 mugi
1027 2237 1062 2316 1,·

244 2323 397 2397 eiusdem
429 2349 449 2394 a
481 2321 593 2396 hove:

457 2441 460 2446 “
581 2428 741 2496 clamore
774 2425 1020 2518 bominac,-

244 2526 398 2601 eiusdem
421 2553 442 2596 a
466 2526 585 2598 leone:

573 2640 737 2722 pausam
760 2631 892 2720 fecere
914 2631 1185 2724 fremendi5

216 2727 219 2732 “
245 2727 398 2801 eiusdem
421 2726 465 2799 ab
492 2725 597 2800 aedo:

179 2873 232 2948 ⁶32
364 2833 586 2903 clamored
604 2817 746 2904 caelum
763 2835 961 2906 volvendis
976 2858 1050 2930 per
1069 2837 1224 2908 aethera
1245 2843 1377 2935 vagit,

358 3021 430 3089 103.
449 3033 613 3101 Aulularia]
631 3038 732 3102 Plauti,
750 3037 804 3104 111,
822 3041 854 3103 2,
872 3040 915 3090 32.
1072 3037 1207 3110 differam]
1226 3043 1293 3096 Post
1309 3041 1333 3096 h.
1351 3059 1375 3094 v.

246 3109 289 3162 hic
307 3126 341 3162 ex
358 3111 453 3164 Plauto
472 3108 608 3160 additura
631 3109 776 3162 Vestrauio.
941 3106 1053 3178 pipare]
1070 3111 1159 3164 Aldus.
1198 3113 1282 3181 piata
1300 3114 1376 3168 codd.

245 3181 341 3247 Ennii]
360 3180 437 3248 Apud
455 3177 583 3232 Merulam
600 3182 692 3234 Annei.
704 3181 742 3247 X,
758 3185 800 3235 12.
821 3199 846 3250 p.
859 3185 919 3232 1³7.
939 3180 979 3233 ed.
990 3180 1022 3233 Ε.
1033 3179 1061 3234 S.
1173 3184 1284 3251 Plauti]
1304 3188 1376 3238 Com.

244 3253 287 3305 ed.
306 3252 391 3304 Bothe
410 3251 442 3302 T.
461 3250 507 3302 III.
531 3269 557 3318 p.
568 3256 628 3304 566.
648 3253 678 3304 fr.
696 3258 722 3304 6.
865 3251 981 3320 ‘gannit]
1006 3251 1139 3322 ogganuit
1163 3258 1230 3308 ccci.
1248 3259 1375 3324 Scaliger.

244 3324 367 3389 Caecilii]
386 3321 470 3374 Bothe
487 3322 518 3374 P.
538 3323 581 3375 Sc.
601 3323 633 3375 L.
652 3326 684 3389 V,
703 3325 737 3376 ll.
757 3343 781 3392 p.
797 3328 857 3375 150.
877 3323 907 3374 fr.
923 3327 948 3374 4.
1063 3324 1173 3392 Lucilii]
1194 3327 1258 3380 haec
1277 3331 1376 3396 plenius

244 3401 337 3450 extuat
354 3393 423 3462 apud
441 3393 554 3446 Nouium
570 3410 590 3446 s.
602 3411 626 3446 v.
645 3397 768 3460 quiritare
786 3415 811 3464 p.
822 3399 865 3446 21.
879 3394 962 3446 Mete.
998 3394 1093 3447 Lucilii
1111 3399 1158 3450 rel.
1173 3399 1212 3450 ed.
1232 3399 1263 3451 F.
1280 3401 1376 3463 Densa,

247 3468 300 3530 vl,
319 3472 344 3518 ³.
366 3484 393 3534 p.
402 3470 445 3517 38.
595 3466 743 3534 eiulitebit]
762 3467 905 3520 Turnebus.
941 3463 1077 3516 militabit
1094 3467 1140 3518 Fa.
1177 3469 1304 3520 helitabit
1318 3471 1376 3523 GH.

246 3537 354 3587 ditabit
373 3538 397 3588 b.
433 3535 572 3588 eiulitavit
590 3538 697 3590 Nouius.
810 3537 938 3602 eiusdem]
955 3553 988 3589 ex
1003 3538 1102 3590 incerto
1115 3541 1193 3595 Sutia.
1208 3543 1291 3609 libro,
1309 3543 1376 3612 apud

244 3609 279 3664 F.
296 3610 410 3662 Deusam
434 3627 459 3676 p.
472 3613 513 3660 12.
536 3607 567 3660 ir.
584 3613 628 3662 99.

362 3711 433 3778 104.
462 3734 573 3792 aperta,
591 3725 634 3792 ut]
654 3727 721 3779 cani.
740 3726 904 3794 Spengeliuc.
941 3734 1037 3794 aperta
1055 3728 1122 3782 coui.
1139 3715 1316 3796 Augustinus,
1335 3731 1376 3784 diu

245 3805 308 3852 ante
326 3799 358 3852 A.
377 3799 504 3851 Kaunium
523 3797 643 3863 (Koeler
658 3799 711 3851 Lit.
730 3798 786 3849 crit.
806 3816 830 3864 p.
847 3797 914 3864 la).
956 3797 1083 3866 aperiant
1107 3801 1197 3865 codd.‚
1223 3802 1270 3852 sed
1297 3803 1331 3854 de
1356 3820 1376 3854 a.

196 3921 203 3927 ,
245 3885 298 3922 nou
315 3877 425 3929 constat.
451 3885 500 3921 cm.
515 3869 539 3920 b.
653 3869 754 3934 Porcii]
772 3869 812 3920 De
830 3867 879 3920 hoc
896 3868 1049 3922 dictumest
1066 3871 1092 3922 iu
1111 3879 1195 3924 annot.
1213 3873 1246 3924 ad
1265 3875 1298 3936 V,
1318 3879 1376 3926 163.

246 3943 340 4009 Ennii]
359 3959 392 3995 ex
409 3945 506 3994 ineerta
524 3940 617 3994 sabula.
653 3939 739 3994 Bothe
756 3941 788 3994 P.
801 3941 844 3992 Sc.
858 3939 889 3992 L.
900 3940 966 4004 V‚L
984 3959 1010 4008 p.
1020 3946 1064 3992 69.
1082 3941 1167 3996 ΜΟ.
1205 3945 1244 3997 De
1262 3944 1376 4012 Phrygio

191 4065 192 4070 ,
246 4027 327 4066 cornu
346 4015 459 4081 loquitur
476 4014 561 4079 poita.
651 4039 660 4062 .·
710 4010 822 4062 clamore
841 4009 978 4078 iocantes]
1004 4013 1077 4065 Haec
1094 4015 1163 4082 apud
1182 4016 1336 4070 Columnam
1353 4022 1376 4069 et

247 4083 375 4138 Merulam
394 4091 523 4153 ponuntur
534 4081 680 4138 AuleV.
695 4082 767 4150 (uz
779 4086 874 4152 p.153.
889 4081 929 4133 ed.
940 4082 971 4136 E.
980 4084 1023 4150 S.)
1038 4085 1205 4138 incertissima
1219 4089 1375 4151 coniectum,

207 4207 209 4211 ,
248 4160 278 4205 ut
295 4155 383 4208 multa.
505 4171 623 4222 paucam
636 4153 738 4222 fecere]
756 4154 833 4222 Apud
851 4153 978 4206 Merulam
998 4157 1087 4210 Auual.
1107 4157 1196 4223 XVII,
1217 4163 1258 4211 10.
1278 4179 1305 4229 p.
1317 4165 1373 4212 171.

248 4223 324 4292 aedo]
343 4242 368 4277 a.
410 4225 458 4275 edo
481 4225 556 4279 FHb.
598 4223 683 4276 haedo
700 4229 734 4279 G.
780 4225 848 4278 illud
866 4227 969 4292 scripsit
985 4225 1084 4292 Varro,
1109 4242 1168 4280 uam
1187 4229 1236 4279 edo
1252 4233 1373 4284 rusticum

141 4362 144 4376 .
248 4302 313 4353 erat.
341 4297 378 4374 Vp
391 4295 424 4357 V,
442 4300 484 4347 97.
598 4295 701 4348 elamor
718 4295 757 4347 acl
772 4295 884 4361 eaelum]
902 4297 979 4364 Apud
996 4298 1127 4356 Merulam
1139 4302 1229 4356 lunai.
1244 4301 1316 4368 vill,
1334 4309 1372 4358 50.
