2864 4814
444 201 712 347 §.ou-uo·
1075 207 1128 322 3⁷

122 427 183 500 95.
220 426 321 500 llaec
351 427 393 500 de
428 425 635 502 hominibus.
689 429 761 501 Hie
791 431 884 528 quod
908 437 1061 530 seqnitur
1088 437 1131 510 de
1144 433 1193 510 l9

37 555 152 626 pecore,
177 529 275 600 haec.
329 530 475 602 Pecus
496 529 539 601 ab
565 557 606 602 eo
628 530 720 626 qnod
744 531 990 630 perpascebant
1012 534 1048 635 (a
1064 562 1132 634 quo
1145 575 1176 620 97

37 632 161 726 pecunia
192 631 373 722 universa,
416 630 509 729 quod
538 632 575 702 in
606 656 731 727 pecore
763 637 906 728 pecunia
945 648 1018 706 tum
1051 631 1180 710 con-⁵*

39 729 161 802 sistebat
181 730 411 830 pastoribus);
442 745 475 804 et
500 731 612 804 standi
635 733 892 806 fundamentum
916 739 990 832 pes,
1018 761 1038 806 a
1064 763 1132 833 qno

40 831 147 904 dicitur
175 835 212 902 in
238 832 400 904 aediliciis
430 857 508 906 area
532 859 592 930 pes
617 859 783 931 magum,
816 839 934 933 etqui
959 841 1132 936 negotium

37 933 162 1003 instituit
184 932 307 1030 pedem
332 936 506 1030 posuisse:
549 960 569 1004 a
599 934 685 1030 pede
710 934 875 1030 pecudem
902 937 1129 1032 appellarunt,

37 1043 66 1101 ut
85 1031 124 1102 ab
151 1034 269 1106 eodem
301 1035 499 1131 pedicam
528 1045 562 1106 et
583 1035 883 1130 pedisequum.
935 1039 983 1108 Et
1007 1065 1132 1135 pecu-

36 1130 84 1202 lia
110 1134 192 1205 tori*
226 1145 328 1232 atque
360 1161 440 1208 oves
472 1135 608 1204 aliudve
638 1135 742 1230 quid,
785 1135 821 1204 id
846 1138 936 1206 enim
960 1140 1132 1234 peculium

36 1235 177 1326 primum.
231 1237 328 1306 Hinc
357 1235 606 1332 peculatum
639 1232 866 1330 publicum
890 1239 1020 1330 primo,
1059 1251 1131 1318 tum

36 1357 98 1403 cnm
133 1362 256 1432 pecore
291 1336 461 1408 diceretur
495 1334 601 1405 multa
635 1346 670 1406 et
708 1335 743 1406 id
780 1347 869 1407 esset
904 1348 1060 1408 coactum
1095 1341 1131 1410 iu

35 1433 214 1528 publicum,
251 1439 280 1508 si
307 1446 379 1507 erat
404 1461 573 1506 aversum.
718 1433 785 1506 96.
824 1439 881 1508 Ex
906 1462 976 1532 quo
999 1437 1131 1512 fructus
1146 1465 1176 1506 os

36 1537 138 1627 maior,
164 1537 223 1608 hie
248 1547 303 1610 cst
326 1539 386 1636 qui
406 1535 548 1608 Graecis
568 1563 663 1608 usus.
717 1537 816 1627 Sus⁷
840 1538 932 1633 quod
958 1525 1015 1628 ris,
1041 1539 1128 1629 bos,
1145 1525 1180 1536 “

35 1636 110 1727 quod
135 1637 243 1729 βοῦς,
273 1650 452 1728 taurus⁷
489 1638 581 1733 qnod
607 1643 757 1741 ταῦρος,
780 1640 861 1708 item
887 1640 1003 1729 ovis,
1039 1639 1132 1734 quod

35 1732 80 1822 bi,
103 1739 151 1808 ita
173 1741 263 1810 enim
288 1739 418 1834 antiqui
441 1737 620 1830 dicebant,
647 1764 717 1809 non
742 1746 780 1807 ut
804 1764 896 1810 nunc
924 1729 1131 1842 urpo‘ssurov'.

35 1836 171 1909 Possunt
192 1841 228 1909 in
251 1838 353 1910 Latio
374 1863 510 1935 quoque
532 1850 571 1908 ut
595 1841 631 1909 in
654 1838 799 1911 Graecia
825 1839 868 1910 alr
894 1843 965 1912 suis
988 1837 1131 1913 ¹vocibus

35 1934 100 2008 haec
126 1938 243 2024 eedem
272 1939 365 2011 ficta.
425 1935 662 2031 Armenta,
699 1939 792 2035 quod
819 1939 925 2012 boves
956 1940 1033 2013 ideo
1059 1968 1175 2026 ma·99

36 2062 120 2110 sume
144 2039 374 2137 parabantur,
402 2051 441 2112 ut
464 2039 543 2110 inde
568 2039 732 2138 eligerent
757 2040 801 2110 ad
825 2040 1013 2136 arandum3
1052 2042 1131 2114 iude
1144 2038 1179 2050 ³

35 2141 180 2212 arimenta
206 2140 316 2234 dieta3
356 2152 473 2237 postea
509 2142 606 2210 tertia
628 2141 725 2213 litera
745 2143 879 2212 extrita.
935 2143 1129 2233 Vitulus‚
1184 2201 1186 2210 .

35 2240 110 2332 quod
133 2241 268 2314 Graece
291 2244 480 2340 antiquitus
506 2239 657 2330 ἵταλὸς,
691 2254 751 2313 aui
777 2243 870 2338 quod
895 2243 1048 2339 plerique
1073 2270 1131 2315 ve·

36 2342 109 2432 peti,
147 2342 323 2442 vigitulus.
377 2343 600 2413 Iuvencus
629 2345 746 2414 iuvare
771 2346 831 2440 qui
854 2345 921 2412 iam
944 2343 988 2413 ad
1012 2369 1133 2440 agrum

127 2561 177 2625 95.
198 2575 326 2640 pecunia]
340 2591 388 2627 em.
404 2573 570 2638 Augustinus.
593 2589 689 2640 pecora
704 2573 777 2623 codd.
867 2565 1026 2621 consistebat
1041 2577 1134 2635 posto-

37 2637 105 2709 ribus]
123 2648 237 2698 ordinem
263 2645 287 2696 h.
306 2663 345 2696 vv.
365 2646 493 2696 invertunt
509 2644 555 2696 Fa.
710 2653 737 2692 er
755 2641 863 2706 standi]
887 2642 997 2692 Possesz
1020 2648 1048 2688 er
1065 2639 1136 2708 quud

36 2715 123 2770 timidi,
145 2718 265 2770 scribere.
311 2717 387 2768 Certe
411 2715 448 2769 sie
475 2729 555 2766 nexus
580 2714 721 2764 sententiae
745 2714 886 2765 accuratius
911 2711 1034 2762 indicatus
1058 2717 1133 2761 esset.

37 2781 78 2832 Sed
93 2787 171 2840 Varro
199 2787 299 2840 laxiore
317 2803 372 2840 uon
397 2800 454 2837 raro
478 2787 559 2837 utitur
585 2787 765 2836 sententiarum
790 2783 996 2836 conformatione.
1033 2781 1135 2847 Duplex

37 2851 139 2922 affertur,
162 2865 191 2910 ut
215 2873 294 2924 saepe
317 2861 364 2928 fita
382 2856 499 2908 vocabuli
518 2871 596 2922 pecus
615 2861 731 2920 etymon,
756 2873 772 2906 a
790 2853 965 2922 perpascendo
983 2858 1009 2904 et
1027 2867 1043 2902 a
1060 2851 1134 2919 pede.

38 2922 102 2975 Aliter
117 2929 148 2980 de
165 2929 222 2980 1ι.1.
241 2931 335 2980 sentire
352 2929 451 2980 videtur
468 2927 539 2994 Papa
556 2927 641 2978 Lectt.
659 2927 732 2979 Varr.
752 2945 775 2994 p.
786 2930 829 2979 44.
951 2922 1134 3002 pedisequum]

39 2993 78 3043 lut
93 2999 250 3052 scribendum
265 2999 432 3067 pedisequum
450 3003 494 3050 aut
507 2995 664 3063 pedicosum.
719 3046 722 3052 ,
827 2994 1022 3071 peculiarem*
1041 2993 1134 3061 atque]

39 3067 89 3114 coni.
119 3070 300 3136 peculatorice
316 3069 389 3122 codd.
413 3069 462 3121 uisi
486 3067 554 3132 quod
575 3066 755 3133 peculatorem
772 3066 797 3116 b.
832 3065 976 3131 peculiaria
994 3079 1017 3114 c.
1051 3078 1136 3140 pecu-

39 3131 134 3189 lauriae
150 3135 341 3193 Turuebi'cod.
378 3139 430 3190 tori
448 3139 560 3190 seribere
577 3153 654 3188 ausus
672 3153 727 3188 sum
746 3151 793 3203 pro
811 3134 896 3186 tauri.
930 3134 963 3184 cs.
984 3130 1084 3200 polulus
1102 3133 1135 3194 V,

39 3207 85 3255 167.
112 3211 171 3263 colis
188 3212 243 3276 IX,
258 3215 301 3262 76.
338 3212 487 3275 Quanquam
506 3214 596 3275 postea
613 3209 732 3261 scribitur
749 3205 837 3260 tauri,
862 3205 907 3256 sed
926 3203 988 3256 liaeo
1005 3205 1031 3254 in
1050 3201 1137 3253 formis

40 3271 187 3334 inconstantia
204 3283 292 3334 maritis
309 3283 371 3333 locis
388 3279 591 3348 deprehenditur,
709 3277 779 3342 trum]
797 3277 862 3328 coni.
898 3286 929 3325 ur
947 3275 1020 3328 codd.
1056 3273 1136 3324 Rela-

40 3345 73 3396 tiri
93 3357 117 3402 et
140 3355 315 3406 conditionalis
339 3353 445 3404 membri
471 3351 560 3401 eadere
586 3355 625 3401 est
650 3349 814 3415 compositio,
838 3363 913 3413 quarn
938 3347 1078 3398 notavimus
1103 3343 1138 3392 ad

40 3415 104 3474 iia.
220 3425 300 3490 esset]
317 3439 358 3489 vg.
394 3439 449 3473 esse
467 3421 541 3473 codd.
662 3417 690 3469 in
704 3417 851 3488 publicum]
869 3419 904 3468 im
920 3415 1052 3484 publicum
1071 3430 1094 3463 a.

134 3526 184 3590 96.
210 3541 254 3590 Ex
280 3555 333 3608 quo
352 3537 467 3604 fructus
494 3535 576 3586 maior
599 3551 657 3588 curu
682 3534 889 3586 antecedentibus
906 3530 1011 3594 adiungi
1033 3527 1136 3591 soleret,

41 3607 141 3660 coniunxi
164 3603 222 3664 cum
246 3610 418 3675 sequentibus.
459 3607 528 3658 Dicit
552 3607 647 3670 Varro,
679 3609 733 3658 eins
761 3605 875 3672 pecoris,
907 3617 940 3651 ex
964 3615 1014 3666 quo
1040 3599 1146 3682 fructus,

41 3681 172 3746 praecipuus
196 3682 254 3748 capi
279 3681 375 3746 possit,
407 3679 459 3730 lrie
483 3679 500 3730 i.
520 3693 542 3728 e.
567 3679 594 3728 iu
615 3678 689 3738 ltalia
714 3677 821 3728 eundem
846 3687 902 3724 esse
926 3676 1093 3754 usumtatque
1110 3686 1136 3720 ru

41 3745 146 3803 Graecia:
169 3759 324 3820 quapropter
342 3751 418 3802 etiam
435 3750 536 3800 uomina
553 3763 610 3800 esse
628 3748 777 3800 communia.
822 3743 1018 3820 Demonstratiu
1042 3756 1136 3808 prono·
1190 3811 1194 3816 ι

41 3817 101 3872 nnis
117 3829 172 3874 aute
190 3825 323 3876 relativum
342 3821 429 3871 durior
445 3821 555 3886 ellipsis,
580 3825 609 3869 ut
625 3821 650 3869 iu
669 3818 707 3869 liis
726 3817 782 3866 eius
800 3815 853 3864 sive
871 3812 951 3862 bueus
970 3811 1136 3894 desideratur,

42 3891 91 3940 satis
106 3891 220 3958 frequens
235 3900 274 3945 est
291 3894 317 3944 iu
334 3893 456 3944 Varronis
474 3891 552 3941 libris.
589 3889 629 3940 Cf.
644 3889 689 3952 vl,
708 3892 751 3939 ⁶18.
777 3885 836 3946 Vll,
854 3887 896 3934 88.
991 3883 1053 3952 quo]
1071 3897 1137 3964 cour.
1216 3949 1219 3954 ,

42 3973 85 4022 qua
101 3965 170 4016 codd.
206 3999 209 4012 .
239 3964 296 4031 bic]¹
311 3963 375 4016 coui.
403 3961 463 4010 binc
480 3960 553 4011 codd.
624 3959 686 4024 Sus]
705 3957 802 4009 addidit
820 3962 878 4022 post
893 3955 957 4005 alios
975 3953 1136 4021 Spengelrns.

42 4041 82 4082 ⁰111.
99 4035 167 4087 codd
185 4042 290 4104 propter
307 4051 380 4084 usus.
425 4033 525 4082 Graeca
543 4047 593 4082 cnr.
612 4029 685 4082 codd.
705 4029 826 4080 litamen
852 4025 928 4077 babet
949 4023 999 4092 bys
1018 4030 1045 4075 et
1062 4023 1140 4105 lbYG

42 4104 63 4146 et
77 4109 126 4160 uis,
149 4113 175 4158 et
193 4123 240 4174 pro
256 4101 286 4162 ὗς
304 4113 330 4158 et
348 4104 409 4170 (toric
430 4104 520 4153 lacuna
539 4109 578 4154 est
601 4103 626 4152 iu
645 4098 753 4152 Gllabc.
790 4093 921 4165 πρόβατον
940 4094 1033 4146 babere
1049 4093 1139 4144 vlden-

42 4173 75 4220 tur
89 4173 134 4226 Ha.
168 4176 298 4245 probaton
310 4177 341 4230 F.
358 4191 408 4227 om.
424 4175 448 4226 b.
466 4174 554 4224 lacuna
572 4174 597 4224 iu
614 4173 662 4223 Ge.
781 4166 1138 4232 Latio]lortasseF1utvg.

42 4237 113 4294 lutino
125 4253 183 4304 cett,
197 4249 271 4302 codd,
385 4239 483 4307 beralde]
500 4244 610 4293 Graecia
627 4242 694 4292 cuim
709 4238 822 4310 critique
836 4239 882 4304 (ut
896 4235 986 4289 scribit
1003 4235 1139 4297 Timaeus)

43 4317 124 4366 tauros
141 4319 268 4372 vocabant
287 4313 406 4383 iunioris,
424 4317 508 4373 Varro
527 4315 560 4367 de
578 4315 611 4367 ll·
625 4314 659 4366 R.
679 4311 719 4377 ll,
735 4316 760 4363 5.
