2866 4812
259 209 338 286 156
636 229 760 276 traua
800 227 1015 276 saturnus.
1052 247 1062 260 ·

201 409 335 488 aratos,
375 394 412 468 id
445 395 516 469 est*
551 391 795 492 quadrupedes
829 399 993 464 cornutas
1026 385 1124 492 (nam
1154 412 1243 487 quos
1273 389 1394 465 dentes

197 491 360 572 *multi
399 499 540 588 dicunt,
581 506 664 569 sunt
697 490 866 592 cornua),
917 493 1099 564 Lucanam
1140 489 1265 564 hovem
1303 493 1394 590 quod

258 600 448 698 putabant,
479 599 617 672 Lucam
643 595 768 669 bovem
792 593 1035 693 appellassent.
1177 591 1248 665 dil.
1286 594 1332 668 si
1356 595 1394 667 ab

136 785 140 792 .
189 703 377 802 (ts)Lihpa
400 702 513 775 dictae
538 710 652 773 essent
675 700 816 790 Lucae,
857 697 1003 770 fortasse
1028 721 1073 768 an
1096 695 1285 794 pantherae
1312 721 1394 794 quo·

259 831 329 902 que
349 815 385 877 et
401 804 518 877 leones
538 831 609 876 non
626 797 772 872 Africae
793 799 923 873 hestiae
944 799 1153 891 dicerentur,
1178 797 1239 870 sed
1258 799 1390 871 Lucae.

225 995 228 1000 Δ
259 905 403 1001 Atque*
435 907 509 979 ursi
538 907 652 1002 potius
678 904 837 992 Lucani,
879 926 983 998 quam
1011 902 1115 972 Luci.
1184 899 1307 990 Quare
1336 925 1394 999 ego

260 1007 429 1101 arbitror,
463 1009 578 1105 potius
603 1007 721 1077 Lucas
747 1004 791 1076 ab
816 1004 915 1095 luce,
951 1003 1046 1100 quod
1070 1002 1174 1101 longe
1196 1001 1395 1074 relucebant

201 1121 403 1207 &propter
440 1111 615 1181 inauratos
650 1109 766 1206 regios
801 1107 964 1205 clupeos,
1002 1102 1130 1206 quihus
1167 1129 1289 1178 eorum
1327 1115 1392 1177 tum

262 1221 402 1285 ornatae
428 1222 527 1284 eraut
551 1222 677 1282 turres.

360 1337 427 1413 II.
471 1336 583 1440 Apud
608 1339 786 1411 Ennium:
852 1315 863 1328 .

377 1458 518 1526 Orator
549 1454 628 1521 sine
649 1478 748 1548 paee
774 1453 873 1522 redit
905 1453 1056 1547 regique
1093 1449 1229 1542 refert·
1249 1473 1350 1540 rem3

261 1583 416 1644 orator
450 1571 564 1644 dictus
589 1570 634 1644 ab
660 1575 813 1646 oratione
825 1600 836 1667 3
875 1573 935 1668 qui
964 1570 1054 1642 enim
1079 1564 1185 1638 verba
1206 1567 1392 1638 orationum

261 1670 405 1745 haberet
428 1673 568 1770 publice
601 1673 768 1746 advorsus
793 1700 872 1746 eum
904 1699 975 1769 quo
1006 1667 1208 1770 legabatur,
1244 1667 1291 1740 ab
1324 1693 1392 1740 ora·

261 1775 354 1844 tione
386 1784 537 1848 orator
570 1773 697 1846 dietus.
752 1775 871 1866 Quom
893 1800 949 1845 res
974 1774 1084 1843 maior
1110 1781 1201 1863 erat,
1230 1767 1389 1843 oratores*

261 1872 466 1973 legabuntur
492 1876 708 1972 potissimum
734 1879 795 1972 qui
827 1901 967 1950 causam
998 1873 1272 1946 commodissime
1301 1895 1390 1946 orare

263 1987 421 2074 poterant
433 2004 444 2070 3
483 1979 599 2076 itaque
624 1978 762 2049 Ennius
788 1979 858 2050 ait:

378 2095 559 2162 Oratores
590 2094 798 2186 doctiloqui.
833 2083 835 2088 ’

364 2214 434 2290 42.
470 2214 582 2316 Apud
603 2219 780 2291 Ennium:

380 2334 456 2402 Olli
478 2336 678 2427 respondet
706 2337 831 2414 suauis
859 2331 971 2406 sonus
995 2333 1175 2428 Egeriai3
1263 2341 1267 2350 '

208 2445 352 2553 sacelli
384 2448 477 2526 valet
507 2451 641 2526 dictum
665 2453 738 2548 illi,
778 2452 822 2526 ab
852 2455 920 2528 olla
953 2463 987 2525 et
1015 2451 1106 2545 ollo,
1141 2476 1293 2550 quorum
1318 2449 1389 2524 alte·

266 2655 395 2722 antiquius
412 2657 521 2714 videtur.
540 2661 573 2722 V,
590 2665 635 2712 te.
654 2662 724 2713 solus
741 2661 771 2713 F.
790 2660 901 2713 iurasse
920 2658 1064 2731 quadripes
1082 2658 1166 2714 habet.
1289 2660 1320 2711 id
1335 2657 1390 2721 est']

201 2751 208 2765 κ
266 2742 309 2791 vg.
352 2726 421 2776 idem
444 2747 496 2780 non
519 2729 583 2780 item
607 2731 697 2797 codd,
722 2749 788 2799 quac
813 2734 891 2784 lectio
914 2732 981 2783 unde
1002 2737 1058 2783 orta
1077 2733 1125 2798 eit,
1151 2731 1309 2799 explicuisse
1324 2730 1390 2785 credo

267 2797 446 2864 Spengetinm.
482 2800 523 2851 Cf.
541 2802 681 2854 Praelatio.
801 2802 998 2872 quadrupedes]
1019 2803 1194 2874 quadripedes
1212 2804 1243 2855 F.
1267 2811 1295 2857 et
1314 2804 1352 2856 ab.
1367 2806 1404 2851 ut·

265 2867 375 2922 videtur.
465 2873 602 2940 cornutos]
620 2875 856 2926 coronatusGlla.
951 2875 1142 2943 appellassent]
1153 2875 1213 2927 GH.
1250 2874 1389 2944 appellasse

267 2945 329 2990 cett.
348 2940 424 2992 codd.
478 2942 580 2995 Pendet
604 2944 631 2995 id
649 2945 764 2998 abillis:
792 2944 827 2996 ab
845 2962 875 2998 ao
894 2945 966 3017 quod
989 2945 1090 3012 nostri,
1118 2952 1146 2998 et
1163 2951 1294 3014 sumptum
1312 2951 1349 2999 est
1364 2955 1390 2994 et

224 3053 232 3064 ,
266 3011 369 3077 Virgilii
394 3015 585 3068 commentario.
1263 3037 1266 3046 ·

378 3105 430 3171 40.
460 3122 579 3192 Atque]
599 3125 666 3177 coni.
680 3125 780 3193 scripsi.
817 3140 901 3193 neque
919 3122 995 3176 codd.
1031 3123 1115 3175 Varro
1133 3128 1269 3190 postquam
1289 3118 1390 3176 Cornelii

275 3193 430 3244 seutentiam
448 3192 618 3260 refutaverat,
637 3199 714 3248 etlam
732 3197 844 3262 Virgilio
862 3195 966 3259 obiicit,
985 3194 1054 3261 quod
1073 3193 1216 3262 elephanti,
1241 3197 1262 3246 si
1281 3212 1297 3246 a
1316 3195 1390 3246 Luca·

270 3262 314 3313 uia
338 3278 430 3315 nomeu
456 3265 631 3330 accepissent,
661 3284 712 3320 non
737 3268 841 3332 Lucae,
865 3267 912 3318 sed
929 3267 1051 3319 Lucanae
1069 3265 1168 3317 bestiae
1194 3267 1278 3318 dIctac
1305 3267 1387 3323 essen,

269 3349 327 3387 cum
346 3335 413 3399 ursi,
431 3335 474 3399 qui
485 3337 566 3386 'multi
585 3345 657 3390 erant
675 3340 701 3392 in
716 3339 835 3392 'Lucania
853 3338 891 3404 (v.
902 3339 935 3402 V,
953 3338 1044 3404 loo),
1063 3352 1114 3389 non
1132 3338 1215 3402 Luci,
1234 3338 1281 3391 scd
1300 3333 1388 3390 Lucani

269 3403 423 3458 dicerentur.
460 3405 519 3460 Hoc
538 3408 690 3462 intellexere
715 3414 792 3463 etiam
818 3410 1032 3476 interpolatores,
1058 3409 1102 3474 qui
1118 3411 1291 3478 scripserunt:
1317 3409 1345 3460 Si
1361 3400 1388 3453 al>

268 3475 388 3532 Lucanis
407 3475 515 3538 dictam
545 3478 602 3530 ursi
620 3495 668 3531 cor
682 3483 775 3548 potins
793 3481 899 3531 Lucani
917 3497 997 3552 quem
1013 3476 1083 3531 Luci
1100 3479 1188 3531 dicti?

370 3584 434 3649 “ll.
453 3602 583 3668 Enniam]
597 3603 673 3672 Apud
687 3604 816 3656 Merulam
829 3604 919 3656 Annai.
928 3603 974 3667 Vl,
988 3606 1031 3656 41.
1052 3619 1076 3669 p.
1087 3606 1130 3654 85.
1141 3601 1173 3655 E.
1182 3605 1210 3656 S.
1300 3597 1388 3652 oratio

167 3681 170 3690 ·
270 3669 345 3736 nam]
363 3680 390 3720 et
409 3673 554 3725 orationem
567 3675 681 3743 Popma,
711 3691 744 3727 ex
762 3683 850 3727 vetere
869 3681 896 3726 et
913 3675 1008 3726 usitata
1032 3673 1151 3726 formula.
1197 3673 1251 3726 Sed
1268 3673 1330 3726 illud
1348 3683 1388 3722 non

270 3738 384 3793 deterius
403 3749 449 3795 est.
547 3741 699 3817 advorsus]
711 3748 745 3798 G.
782 3746 912 3797 adversas
931 3750 990 3797 cett.
1106 3743 1260 3814 legabatur]
1275 3745 1388 3808 Scaliger·

271 3809 411 3879 legebatur
429 3815 529 3868 FGHa.
568 3817 714 3888 (legebatur
732 3819 755 3869 b.
872 3816 957 3866 molor
974 3825 1042 3874 erat,
1061 3819 1206 3881 oratores]
1222 3818 1287 3869 coni.
1301 3811 1387 3880 scripsi·

271 3881 369 3933 maiore
385 3883 524 3949 (maiorem
542 3885 592 3955 (ἶ.)
611 3889 714 3940 ratione
733 3887 808 3940 codd.
845 3889 920 3944 Quae
939 3888 1016 3942 lectio
1034 3895 1092 3942 orta
1109 3888 1211 3945 videtne
1228 3905 1261 3940 ex
1279 3898 1388 3953 compen·

271 3952 314 4003 dio
333 3956 443 4022 quodam
462 3959 604 4024 scribendi,
628 3959 786 4013 huiusmodir
815 3959 1031 4014 maiorerato'r‘is.
1180 3959 1307 4026 Ennium]
1324 3957 1388 4010 Hm

230 4033 235 4040 ·
270 4025 355 4090 posita
372 4034 431 4083 aunt
453 4031 544 4082 dunat.
562 4031 668 4104 XVIII,
685 4037 727 4085 18.
746 4036 843 4099 p.17‘{.
860 4030 892 4082 Ε.
912 4033 940 4083 S.

383 4129 435 4194 42.
464 4142 592 4212 Ennium]
610 4148 701 4199 Annal.
719 4147 758 4213 Il,
777 4152 802 4200 7.
822 4165 847 4216 p.
858 4151 901 4200 41.
919 4146 951 4198 E.
971 4147 999 4200 S.
1151 4145 1300 4216 respondet]
1319 4139 1384 4197 GHb·

272 4213 406 4282 respondit
425 4215 456 4267 F.
498 4216 655 4285 respondent
674 4235 696 4270 a.
859 4218 980 4290 ligerim]
1003 4218 1141 4273 Victorius.
1185 4219 1262 4288 agria
1287 4219 1318 4271 J.
1345 4213 1380 4264 I't·

271 4283 347 4354 egria
364 4283 451 4336 idest
470 4287 531 4339 GH.
569 4288 676 4358 egregio
696 4289 719 4342 b.
834 4289 896 4356 ailo]
916 4289 988 4343 codd.
1027 4289 1066 4342 Cl.
1086 4289 1154 4342 dictu
1172 4290 1205 4343 ad
1221 4292 1252 4356 V,
1268 4293 1292 4342 2.
1328 4282 1384 4337 ottus
