2864 4814
438 245 475 346 S·
505 261 553 332 14
579 289 629 304 -
657 252 718 330 16·
1098 197 1151 325 ra

33 439 134 528 latur,
175 433 270 533 quod
304 459 345 507 eo
378 431 433 506 die
467 434 504 505 in
540 435 627 506 atrio
664 435 794 516 sutorio
832 459 1012 510 sacrorum
1047 437 1151 514 tubae

33 541 220 610 lustrantur.
411 531 477 608 15.
519 535 770 635 Megalesia
805 537 898 612 dieta
932 565 952 610 a
981 539 1147 638 Graecis,

33 640 112 738 quod
135 665 178 712 ex
201 636 300 711 libris
325 636 510 737 Sibyllinis
535 641 701 711 arcessita
724 639 768 712 ab
787 636 911 714 Attalo
936 643 1036 742 Rege
1061 645 1150 716 Per·

33 769 130 842 gama,
154 740 216 813 ubi
238 766 346 840 prope
368 767 506 812 murum
524 738 741 840 Megalesion
763 743 929 841 templum
951 746 1024 817 eius
1051 744 1149 838 deae,

33 844 110 916 unde
133 843 277 916 aduecta
303 845 466 916 Romam.
533 833 805 916 Fordicidia
830 872 851 917 a
884 846 993 918 sordis
1009 847 1149 920 bubus.
1165 877 1212 918 rus

33 947 108 1018 Bos
132 945 264 1017 forda
291 969 380 1043 quae
400 943 468 1018 fert
490 947 527 1016 in
547 955 680 1018 ventre.
735 945 842 1036 Quod
867 974 908 1020 eo
934 947 990 1021 die
1013 937 1208 1048 publice—

33 1047 239 1120 immolantur
269 1045 381 1119 boues
414 1058 645 1145 praegnantes
675 1050 712 1120 in
745 1051 850 1120 curiis
882 1051 1096 1147 complures,
1133 1077 1154 1124 a

34 1149 128 1220 lordis
159 1148 344 1225 caedendis
378 1147 579 1220 Fordicidia
613 1147 720 1220 dieta.
794 1149 970 1222 Palilia
1007 1153 1100 1225 dicta
1133 1179 1154 1226 a

32 1250 118 1343 Pale,
151 1250 247 1348 quod
270 1249 453 1340 oileriae,
482 1261 521 1321 ut
543 1249 751 1322 Cerealia
776 1275 797 1323 a
821 1250 961 1324 Cerere.
1085 1251 1151 1328 16.

33 1351 199 1425 Vinalia
223 1379 244 1424 a
267 1354 362 1424 vino
416 1351 491 1422 Hic
518 1350 592 1423 dies
618 1351 726 1445 Iovis,
755 1379 826 1426 non
852 1354 1021 1449 Veneris3
1048 1354 1197 1440 huiusne

33 1456 72 1525 rei
100 1480 182 1540 eura
206 1481 276 1526 non
301 1454 390 1525 levis
423 1455 459 1524 in
489 1453 617 1548 Lari03
658 1481 739 1526 nam
767 1455 901 1553 aliquot
925 1456 1013 1531 locis
1034 1457 1156 1529 vinde·'

34 1557 106 1628 miae
125 1560 285 1655 primum·
303 1554 348 1627 ab
369 1552 606 1628 sacerdotibus
629 1555 768 1652 publice
793 1557 935 1651 fiebant,
963 1569 1003 1630 ut
1020 1559 1165 1636 Romae·

33 1659 118 1729 etiam
143 1683 240 1730 nune
252 1686 264 1755 3
303 1683 384 1728 nam
410 1656 537 1729 flamen
563 1657 677 1730 Dialis
702 1660 902 1756 auspicatur
931 1659 1153 1754 vindemiam,

34 1769 59 1830 et
77 1773 115 1833 ut
137 1762 240 1832 iussit
263 1761 384 1831 vinum
404 1757 541 1857 legere,
569 1784 659 1857 agna
681 1759 759 1831 Iovi
782 1760 886 1852 sacit,
914 1764 1006 1834 inter
1030 1765 1155 1861 quoius

35 1872 95 1932 crta
122 1887 224 1934 caesa
249 1870 284 1934 et
307 1871 466 1958 porrecta
489 1860 615 1932 flamen
640 1862 789 1959 primns*
816 1865 937 1935 vinum
959 1863 1056 1964 legit.
1109 1865 1212 1947 In199

34 1961 241 2036 Tusculanis.
255 1964 365 2034 sacris
388 1973 442 2035 est
468 1964 663 2061 scriptum:
1161 1966 1205 1977 “

14 2165 17 2186 ,
133 2086 277 2159 Vinum
299 2109 433 2154 novum
459 2109 506 2152 ne
530 2084 687 2155 velantur
712 2087 750 2156 in
776 2085 904 2157 urbem
929 2100 1017 2158 onte
1044 2111 1156 2182 quam

18 2179 22 2186 ²
223 2187 366 2258 vinalia
398 2187 583 2256 latentur.
1066 2179 1075 2202 ‘

36 2283 265 2385 Robigalia
291 2284 452 2358 dictaab
479 2283 620 2383 Robigo
635 2308 654 2379 3⁴
687 2287 879 2359 seeundum
908 2300 1043 2388 segetes
1071 2288 1155 2361 huic

37 2385 88 2460 deo
111 2387 346 2482 sacrificatur,
385 2413 430 2458 ne
454 2386 578 2486 robigo
603 2400 751 2484 occupet
774 2401 922 2488 segetes.
956 2443 995 2460 ..
1018 2443 1027 2461 .
1047 2441 1088 2460 ..

37 2575 116 2629 uultis.
219 2574 408 2644 ¹celebrabatur
425 2535 622 2626 Tubulustrium
641 2591 664 2626 a.
684 2561 708 2626 d.
726 2573 760 2626 X.
780 2574 838 2626 Kal.
859 2576 921 2643 Apr.
940 2571 973 2628 K.
986 2575 1060 2628 Mais.
1078 2577 1155 2629 Farn.

37 2645 107 2698 Vatic.
146 2648 177 2700 Iu
196 2647 231 2700 K.
249 2649 419 2700 Praenestino
437 2647 544 2704 Verrius
562 2648 612 2698 att:
638 2646 693 2695 Hic
719 2645 780 2718 dies]
792 2647 947 2714 appellatur
972 2647 1023 2714 ita¹
1039 2649 1112 2718 quocl
1127 2650 1156 2699 r'n
1237 2668 1244 2690 ι

38 2718 96 2768 atrio
112 2719 217 2770 sutorio
235 2717 294 2770 tubi
314 2720 360 2786 (cl.
378 2721 462 2774 Varro
479 2734 559 2787 supra
574 2719 607 2782 V,
624 2717 701 2786 117.)
720 2716 891 2784 lustrantur,
910 2717 1006 2790 quibus
1024 2717 1053 2770 in
1070 2723 1156 2772 sacris
1244 2781 1247 2789 .

35 2795 145 2840 utaentur.
823 2795 824 2798 ’

134 2871 186 2939 15.
210 2886 373 2958 Megalesia]
392 2888 476 2958 pridie
491 2886 579 2940 Nonas
594 2889 655 2956 Apr.
670 2887 704 2941 K.
715 2887 789 2940 Matf.
803 2888 917 2954 Pracn„
1012 2886 1156 2952 arcessito]

39 2958 88 3011 Gli.
122 2959 255 3012 accersito
273 2959 337 3012 Fab.
463 2961 634 3029 'Pergamo]
653 2960 728 3012 codd.
747 2959 795 3011 nisi
814 2960 883 3025 quod
899 2973 950 3010 om.
968 2957 994 3010 b.
1030 2958 1158 3028 Pergami
1233 2994 1235 3000 .

39 3035 72 3093 lg.
119 3033 249 3102 Πέργαμα
279 3033 438 3084 Graecorum
463 3029 575 3082 Romani
605 3037 737 3084 mutarunt
768 3031 794 3082 iu
818 3031 988 3095 Pergamum,
1023 3035 1053 3080 ut
1077 3045 1156 3097 saepe

40 3099 129 3156 lactum.
251 3100 308 3169 abi]
325 3119 349 3156 a.
386 3101 597 3154 itinerando.
626 3118 677 3156 orn.
695 3119 737 3168 vg.
782 3101 948 3171 Megalesion
966 3117 1071 3150 murum
1089 3101 1157 3154 Per-

39 3175 218 3239 antefuisse,
242 3189 293 3226 uon
311 3175 427 3238 Romae,
449 3175 503 3226 noli
520 3173 646 3226 dubitare.
682 3173 842 3226 Pessinuntis
859 3172 969 3236 mentio,
995 3188 1071 3238 quarn
1088 3173 1157 3226 Var-

39 3245 84 3294 roni
100 3247 212 3298 obtrudit
232 3247 365 3312 Scaliger,
392 3246 424 3297 ab
443 3243 468 3296 b.
488 3246 606 3298 ballena
625 3261 682 3297 esse
698 3245 807 3296 uidetur.
939 3242 1077 3312 ternplum]
1096 3253 1157 3296 ante

41 3310 59 3365 h.
71 3331 106 3382 n,
131 3318 200 3384 quod
218 3318 293 3369 codd.
313 3317 407 3368 babent
424 3317 467 3381 in,
493 3317 567 3368 omisi
585 3316 709 3368 suadente
728 3314 877 3384 Spengelio.
990 3315 1156 3380 Fordicidia]

41 3400 59 3432 a.
74 3387 95 3438 d.
112 3388 196 3441 XVII.
215 3389 276 3441 Kal.
294 3389 385 3440 Maias.
410 3388 445 3440 K.
464 3387 537 3440 Mau
556 3388 650 3440 Praen.
669 3389 753 3440 Vatic.
855 3443 856 3446 Ἴ
890 3382 1004 3450 Palilia]
1021 3403 1044 3438 a.
1064 3386 1089 3437 d.
1102 3387 1155 3438 'XL

41 3453 191 3511 KalMaias.
210 3460 243 3511 K.
257 3459 330 3512 Man
347 3461 440 3513 Praen.
554 3459 685 3524 Cerealia]
705 3457 820 3511 Cerialia
838 3457 869 3510 F.
905 3457 1110 3510 celebrabantur
1131 3475 1156 3512 a.

42 3527 61 3578 d.
75 3529 142 3582 Xlll.
160 3531 221 3583 Kal.
239 3531 331 3588 Maias.
349 3531 383 3584 K.
402 3531 476 3584 Matr.
491 3529 585 3582 Praen.
1232 3544 1234 3550 ¹

138 3625 190 3692 16.
220 3636 343 3702 runata]
359 3654 383 3689 a.
396 3637 421 3689 a.
435 3636 482 3688 rx.
501 3637 559 3689 nu.
573 3636 664 3688 uaso.
679 3635 713 3686 rr.
727 3635 800 3688 uun.
814 3636 907 3688 Praei.
993 3617 999 3638 ⁸
1017 3637 1156 3704 pomata]

42 3721 76 3773 lg.
103 3711 221 3778 proiecta
238 3709 327 3763 codd·
430 3706 569 3777 primusl]
585 3725 670 3776 porus
687 3707 761 3759 codd.
795 3725 907 3776 prorsus
921 3721 963 3772 vg.
1060 3707 1156 3776 sacris]

43 3780 110 3831 sortis
127 3785 157 3836 F.
247 3779 418 3844 kdenturh.
436 3785 466 3831 ut
479 3779 529 3832 vid.
566 3779 689 3829 colentur
706 3777 792 3830 FGH.
828 3777 949 3829 colentur
965 3777 990 3830 b.
1072 3777 1155 3829 Robi-

43 3851 115 3922 galia]
133 3872 157 3907 a.
176 3856 201 3910 d.
219 3854 279 3908 Vll.
297 3851 356 3904 Kal.
376 3851 467 3903 Maias.
490 3852 524 3902 K.
542 3851 615 3903 Mais.
633 3851 726 3902 Praen.

133 3931 273 3978 Lacunam
290 3923 315 3976 h.
326 3924 343 3975 l.
358 3937 425 3988 esse,
441 3922 501 3976 inde
519 3922 679 3988 intelligitur,
697 3919 766 3986 quod
780 3917 860 3973 feriae
872 3919 944 3970 Maii
958 3921 1052 3972 mensis
1066 3935 1158 3972 omnes

44 3989 139 4061 desunt3
165 4013 249 4066 neque
271 4001 376 4064 poterat
402 3994 521 4062 protecto
544 3995 642 4057 Varro,
670 3993 731 4058 quin
755 3993 846 4044 saltem
864 3991 897 4044 de
920 3993 1020 4059 origine
1047 3993 1156 4044 nominis

44 4065 225 4124 leaenarum,
259 4083 325 4135 quae
350 4066 465 4135 pluribus
488 4066 552 4118 Maii
576 4065 666 4117 diebus
690 4063 902 4128 celebrabantur,
927 4065 1007 4117 verbo
1029 4070 1155 4120 moneret.

44 4131 148 4191 Forsitan
171 4141 269 4194 librarii
291 4141 358 4192 oculi
388 4137 564 4202 aberrarerint
589 4153 605 4188 a
629 4151 703 4188 sacro
726 4137 822 4190 Vestae
846 4137 981 4188 coniuncto
1006 4151 1065 4202 eum
1089 4136 1157 4187 ludis

45 4203 188 4278 Floralibus,
207 4229 231 4266 a.
250 4211 276 4262 d.
294 4212 340 4265 lV.
359 4211 418 4262 Kal.
433 4209 516 4262 Maias
535 4208 573 4275 (v.
592 4208 625 4262 K.
643 4209 735 4260 Praen.
755 4207 831 4260 Ovid.
850 4207 920 4259 Fast.
934 4209 979 4260 1v.
998 4209 1055 4274 ex.)
1074 4207 1106 4258 ad
1125 4221 1156 4256 ca

44 4275 159 4347 Vestalis,
187 4301 252 4350 quae
271 4297 294 4336 a.
310 4283 335 4334 d.
355 4285 387 4336 V.
424 4281 484 4333 Idus
512 4280 589 4332 lulius
614 4279 810 4351 celebrabantur
834 4279 871 4346 (v.
891 4280 924 4331 K.
943 4279 1016 4332 Mali.
1036 4278 1155 4343 Venus),

45 4347 69 4396 td
85 4368 145 4416 quae
163 4357 279 4422 proxima
296 4357 423 4422 pertinere
441 4352 567 4408 uidentur.
605 4351 658 4404 Sed
678 4351 710 4404 cl.
729 4352 797 4404 dicta
815 4353 847 4404 ad
866 4353 889 4416 §.
901 4355 944 4403 21.
956 4355 999 4402 22.
