<?xml version="1.0" encoding="UTF-8"?>
<!DOCTYPE html PUBLIC "-//W3C//DTD XHTML 1.0 Transitional//EN"
    "http://www.w3.org/TR/xhtml1/DTD/xhtml1-transitional.dtd">
<html xmlns="http://www.w3.org/1999/xhtml" xml:lang="en" lang="en">
 <head>
  <title>
</title>
<meta http-equiv="Content-Type" content="text/html;charset=utf-8" />
  <meta name='ocr-system' content='tesseract 3.04.00' />
  <meta name='ocr-capabilities' content='ocr_page ocr_carea ocr_par ocr_line ocrx_word'/>
</head>
<body>
  <div class='ocr_page' id='page_1' title='image "./mterentivarroni00mlgoog/mterentivarroni00mlgoog_0166.png"; bbox 0 0 2864 4814; ppageno 0'>
   <div class='ocr_carea' id='block_1_1' title="bbox 296 207 1045 282">
    <p class='ocr_par' dir='ltr' id='par_1_1' title="bbox 296 207 1045 282">
     <span class='ocr_line' id='line_1_1' title="bbox 296 207 1045 282; baseline -0.005 0"><span class='ocrx_word' id='word_1_1' title='bbox 296 207 375 282; x_wconf 75' lang='grc'><em>108</em></span> <span class='ocrx_word' id='word_1_2' title='bbox 710 235 834 280; x_wconf 79' lang='lat' dir='ltr'><em>niusa</em></span> <span class='ocrx_word' id='word_1_3' title='bbox 874 233 1045 280; x_wconf 82' lang='lat' dir='ltr'><em>snxrcs.</em></span> 
     </span>
    </p>
   </div>
   <div class='ocr_carea' id='block_1_2' title="bbox 294 394 1425 698">
    <p class='ocr_par' dir='ltr' id='par_1_2' title="bbox 294 394 1425 698">
     <span class='ocr_line' id='line_1_2' title="bbox 294 394 1425 498; baseline -0.001 -31"><span class='ocrx_word' id='word_1_4' title='bbox 294 421 399 468; x_wconf 85' lang='grc' dir='ltr'><strong>ιιιιιιιιι</strong></span> <span class='ocrx_word' id='word_1_5' title='bbox 421 400 577 494; x_wconf 72' lang='lat' dir='ltr'><em>capitur,</em></span> <span class='ocrx_word' id='word_1_6' title='bbox 605 394 700 494; x_wconf 87' lang='lat' dir='ltr'><em>qnod</em></span> <span class='ocrx_word' id='word_1_7' title='bbox 723 398 901 498; x_wconf 76' lang='lat' dir='ltr'><em>coniungit</em></span> <span class='ocrx_word' id='word_1_8' title='bbox 923 396 1040 494; x_wconf 87' lang='lat' dir='ltr'><em>plures</em></span> <span class='ocrx_word' id='word_1_9' title='bbox 1059 419 1202 487; x_wconf 86' lang='lat' dir='ltr'><em>manus,</em></span> <span class='ocrx_word' id='word_1_10' title='bbox 1230 398 1425 494; x_wconf 85' lang='lat' dir='ltr'><em>manipu-</em></span> 
     </span>
     <span class='ocr_line' id='line_1_3' title="bbox 294 498 1424 598; baseline 0.004 -31"><span class='ocrx_word' id='word_1_11' title='bbox 294 498 386 592; x_wconf 70' lang='lat' dir='ltr'><em>lus,</em></span> <span class='ocrx_word' id='word_1_12' title='bbox 421 499 754 598; x_wconf 81' lang='lat' dir='ltr'><em>manipularis3</em></span> <span class='ocrx_word' id='word_1_13' title='bbox 781 500 967 570; x_wconf 85' lang='lat' dir='ltr'><em>manica.</em></span> <span class='ocrx_word' id='word_1_14' title='bbox 1021 498 1308 572; x_wconf 87' lang='lat' dir='ltr'><em>Muuu&#39;brium</em></span> <span class='ocrx_word' id='word_1_15' title='bbox 1334 499 1424 596; x_wconf 88' lang='lat' dir='ltr'><em>quod</em></span> 
     </span>
     <span class='ocr_line' id='line_1_4' title="bbox 294 597 1339 698; baseline 0.001 -28"><span class='ocrx_word' id='word_1_16' title='bbox 294 625 400 698; x_wconf 82' lang='lat' dir='ltr'><em>manu</em></span> <span class='ocrx_word' id='word_1_17' title='bbox 425 611 571 674; x_wconf 75' lang='lat' dir='ltr'><em>tenebis.</em></span> <span class='ocrx_word' id='word_1_18' title='bbox 625 597 887 676; x_wconf 85' lang='lat' dir='ltr'><em>Mantelium</em></span> <span class='ocrx_word' id='word_1_19' title='bbox 909 599 971 673; x_wconf 91' lang='lat' dir='ltr'><em>ubi</em></span> <span class='ocrx_word' id='word_1_20' title='bbox 994 626 1117 672; x_wconf 83' lang='lat' dir='ltr'><em>manus</em></span> <span class='ocrx_word' id='word_1_21' title='bbox 1141 609 1339 698; x_wconf 72' lang='lat' dir='ltr'><em>terguntur.</em></span> 
     </span>
    </p>
   </div>
   <div class='ocr_carea' id='block_1_3' title="bbox 638 791 1086 832">
    <p class='ocr_par' dir='ltr' id='par_1_3' title="bbox 638 791 1086 832">
     <span class='ocr_line' id='line_1_5' title="bbox 638 791 1086 832; baseline -0.002 0"><span class='ocrx_word' id='word_1_22' title='bbox 638 791 658 832; x_wconf 75' lang='grc' dir='ltr'><em>ιι</em></span> <span class='ocrx_word' id='word_1_23' title='bbox 850 791 871 832; x_wconf 68' lang='lat' dir='ltr'><em>s</em></span> <span class='ocrx_word' id='word_1_24' title='bbox 1066 792 1086 831; x_wconf 76' lang='grc' dir='ltr'><em>ιι</em></span> 
     </span>
    </p>
   </div>
   <div class='ocr_carea' id='block_1_4' title="bbox 253 835 1418 998">
    <p class='ocr_par' dir='ltr' id='par_1_4' title="bbox 253 835 1418 998">
     <span class='ocr_line' id='line_1_6' title="bbox 253 835 1418 998; baseline 0.001 -34"><span class='ocrx_word' id='word_1_25' title='bbox 253 891 281 964; x_wconf 84' lang='grc'><strong>9</strong></span> <span class='ocrx_word' id='word_1_26' title='bbox 407 893 476 998; x_wconf 81' lang='grc'><em>86.</em></span> <span class='ocrx_word' id='word_1_27' title='bbox 520 896 626 970; x_wconf 86' lang='lat' dir='ltr'><em>Nunc</em></span> <span class='ocrx_word' id='word_1_28' title='bbox 658 897 807 996; x_wconf 88' lang='lat' dir='ltr'><em>primum</em></span> <span class='ocrx_word' id='word_1_29' title='bbox 840 921 966 994; x_wconf 88' lang='lat' dir='ltr'><em>ponam</em></span> <span class='ocrx_word' id='word_1_30' title='bbox 999 894 1042 968; x_wconf 91' lang='lat' dir='ltr'><em>de</em></span> <span class='ocrx_word' id='word_1_31' title='bbox 1074 835 1418 969; x_wconf 36' lang='lat' dir='ltr'><em>Censoriis&#39;iabuljs:</em></span> 
     </span>
    </p>
   </div>
   <div class='ocr_carea' id='block_1_5' title="bbox 233 1017 1423 1298">
    <p class='ocr_par' dir='ltr' id='par_1_5' title="bbox 233 1017 1423 1298">
     <span class='ocr_line' id='line_1_7' title="bbox 233 1017 1422 1114; baseline -0.003 -24"><span class='ocrx_word' id='word_1_32' title='bbox 233 1031 284 1100; x_wconf 52' lang='lat'><em>2&amp;</em></span> <span class='ocrx_word' id='word_1_33' title='bbox 350 1019 422 1090; x_wconf 85' lang='lat' dir='ltr'><em>Ubi</em></span> <span class='ocrx_word' id='word_1_34' title='bbox 442 1035 552 1092; x_wconf 88' lang='lat' dir='ltr'><em>noctu</em></span> <span class='ocrx_word' id='word_1_35' title='bbox 576 1017 615 1090; x_wconf 92' lang='lat' dir='ltr'><em>in</em></span> <span class='ocrx_word' id='word_1_36' title='bbox 643 1021 818 1113; x_wconf 89' lang='lat' dir='ltr'><em>templum</em></span> <span class='ocrx_word' id='word_1_37' title='bbox 838 1043 1017 1090; x_wconf 79' lang='lat' dir='ltr'><em>censurae</em></span> <span class='ocrx_word' id='word_1_38' title='bbox 1040 1020 1295 1114; x_wconf 82' lang='lat' dir='ltr'><em>auspicaverit</em></span> <span class='ocrx_word' id='word_1_39' title='bbox 1315 1033 1422 1113; x_wconf 89' lang='lat' dir='ltr'><em>atque</em></span> 
     </span>
     <span class='ocr_line' id='line_1_8' title="bbox 344 1119 1423 1216; baseline -0.002 -25"><span class='ocrx_word' id='word_1_40' title='bbox 344 1125 391 1191; x_wconf 87' lang='lat' dir='ltr'><em>‹le</em></span> <span class='ocrx_word' id='word_1_41' title='bbox 419 1126 520 1194; x_wconf 93' lang='lat' dir='ltr'><em>caelo</em></span> <span class='ocrx_word' id='word_1_42' title='bbox 550 1119 729 1192; x_wconf 84' lang='lat' dir='ltr'><em>nuntiurn&#39;</em></span> <span class='ocrx_word' id='word_1_43' title='bbox 754 1123 845 1207; x_wconf 90' lang='lat' dir='ltr'><em>erit,</em></span> <span class='ocrx_word' id='word_1_44' title='bbox 878 1122 1062 1216; x_wconf 80' lang='lat' dir='ltr'><em>praeconi</em></span> <span class='ocrx_word' id='word_1_45' title='bbox 1093 1124 1147 1192; x_wconf 88' lang='lat' dir='ltr'><em>sic</em></span> <span class='ocrx_word' id='word_1_46' title='bbox 1175 1123 1359 1216; x_wconf 87' lang='lat' dir='ltr'><em>imperato</em></span> <span class='ocrx_word' id='word_1_47' title='bbox 1385 1135 1423 1190; x_wconf 85' lang='lat' dir='ltr'><em>ut</em></span> 
     </span>
     <span class='ocr_line' id='line_1_9' title="bbox 346 1226 598 1298; baseline -0.012 -2"><span class='ocrx_word' id='word_1_48' title='bbox 346 1226 447 1296; x_wconf 82' lang='lat' dir='ltr'><em>viros</em></span> <span class='ocrx_word' id='word_1_49' title='bbox 476 1237 598 1298; x_wconf 78' lang='lat' dir='ltr'><em>vocet:</em></span> 
     </span>
    </p>
   </div>
   <div class='ocr_carea' id='block_1_6' title="bbox 205 1344 1422 2050">
    <p class='ocr_par' dir='ltr' id='par_1_6' title="bbox 224 1344 1422 1846">
     <span class='ocr_line' id='line_1_10' title="bbox 224 1344 1422 1438; baseline -0.004 -21"><span class='ocrx_word' id='word_1_50' title='bbox 224 1363 287 1433; x_wconf 78' lang='grc' dir='ltr'><strong>(ιι)</strong></span> <span class='ocrx_word' id='word_1_51' title='bbox 410 1347 521 1434; x_wconf 83' lang='lat' dir='ltr'><em>Quod</em></span> <span class='ocrx_word' id='word_1_52' title='bbox 554 1344 687 1414; x_wconf 79' lang='lat' dir='ltr'><em>honrem</em></span> <span class='ocrx_word' id='word_1_53' title='bbox 716 1346 961 1437; x_wconf 85' lang='lat' dir='ltr'><em>fortunatum</em></span> <span class='ocrx_word' id='word_1_54' title='bbox 987 1344 1160 1438; x_wconf 80' lang='lat' dir='ltr'><em>felixque</em></span> <span class='ocrx_word' id='word_1_55' title='bbox 1187 1345 1422 1435; x_wconf 74' lang='lat' dir='ltr'><em>salutareque</em></span> 
     </span>
     <span class='ocr_line' id='line_1_11' title="bbox 344 1443 1421 1541; baseline -0.002 -27"><span class='ocrx_word' id='word_1_56' title='bbox 344 1448 414 1516; x_wconf 90' lang='lat' dir='ltr'><em>siet</em></span> <span class='ocrx_word' id='word_1_57' title='bbox 446 1449 590 1541; x_wconf 83' lang='lat' dir='ltr'><em>populo</em></span> <span class='ocrx_word' id='word_1_58' title='bbox 621 1449 793 1518; x_wconf 84' lang='lat' dir='ltr'><em>Romano</em></span> <span class='ocrx_word' id='word_1_59' title='bbox 833 1447 1056 1535; x_wconf 85' lang='lat' dir='ltr'><em>Quiritium,</em></span> <span class='ocrx_word' id='word_1_60' title='bbox 1096 1447 1222 1540; x_wconf 89' lang='lat' dir='ltr'><em>reique</em></span> <span class='ocrx_word' id='word_1_61' title='bbox 1251 1443 1421 1540; x_wconf 81' lang='lat' dir='ltr'><em>publicae</em></span> 
     </span>
     <span class='ocr_line' id='line_1_12' title="bbox 335 1547 1421 1642; baseline -0.001 -26"><span class='ocrx_word' id='word_1_62' title='bbox 335 1550 470 1641; x_wconf 87' lang='lat' dir='ltr'><em>populi</em></span> <span class='ocrx_word' id='word_1_63' title='bbox 505 1547 669 1620; x_wconf 86' lang='lat' dir='ltr'><em>Romani</em></span> <span class='ocrx_word' id='word_1_64' title='bbox 722 1549 944 1638; x_wconf 87' lang='lat' dir='ltr'><em>Quiritium,</em></span> <span class='ocrx_word' id='word_1_65' title='bbox 993 1548 1163 1642; x_wconf 79' lang='lat' dir='ltr'><em>miliique.</em></span> <span class='ocrx_word' id='word_1_66' title='bbox 1192 1549 1421 1640; x_wconf 80' lang='lat' dir='ltr'><em>collegaeque</em></span> 
     </span>
     <span class='ocr_line' id='line_1_13' title="bbox 340 1647 1420 1743; baseline -0.002 -27"><span class='ocrx_word' id='word_1_67' title='bbox 340 1675 432 1737; x_wconf 77' lang='lat' dir='ltr'><em>risco,</em></span> <span class='ocrx_word' id='word_1_68' title='bbox 461 1647 556 1740; x_wconf 84' lang='lat' dir='ltr'><em>fidei</em></span> <span class='ocrx_word' id='word_1_69' title='bbox 581 1652 889 1743; x_wconf 85' lang='lat' dir='ltr'><em>magistratuique</em></span> <span class='ocrx_word' id='word_1_70' title='bbox 912 1651 1063 1720; x_wconf 84' lang='lat' dir='ltr'><em>nostra!</em></span> <span class='ocrx_word' id='word_1_71' title='bbox 1093 1673 1218 1719; x_wconf 91' lang='lat' dir='ltr'><em>omnes</em></span> <span class='ocrx_word' id='word_1_72' title='bbox 1244 1649 1420 1738; x_wconf 78' lang='lat' dir='ltr'><em>Quirites,</em></span> 
     </span>
     <span class='ocr_line' id='line_1_14' title="bbox 334 1752 1420 1870; baseline 0 -52"><span class='ocrx_word' id='word_1_73' title='bbox 334 1752 502 1856; x_wconf 84' lang='lat' dir='ltr'><em>pedites,</em></span> <span class='ocrx_word' id='word_1_74' title='bbox 539 1764 707 1819; x_wconf 88' lang='lat' dir='ltr'><em>arnzatos</em></span> <span class='ocrx_word' id='word_1_75' title='bbox 731 1755 999 1870; x_wconf 83' lang='lat' dir='ltr'><em>privatosque,</em></span> <span class='ocrx_word' id='word_1_76' title='bbox 1037 1765 1229 1822; x_wconf 76' lang='lat' dir='ltr'><em>curatores</em></span> <span class='ocrx_word' id='word_1_77' title='bbox 1260 1752 1420 1819; x_wconf 86' lang='lat' dir='ltr'><em>omniurn</em></span> 
     </span>
    </p>

    <p class='ocr_par' dir='ltr' id='par_1_7' title="bbox 265 1841 1419 1956">
     <span class='ocr_line' id='line_1_15' title="bbox 265 1841 1419 1956; baseline 0 -35"><span class='ocrx_word' id='word_1_78' title='bbox 265 1921 268 1927; x_wconf 87' lang='grc'><strong>,</strong></span> <span class='ocrx_word' id='word_1_79' title='bbox 341 1841 548 1938; x_wconf 83' lang='lat' dir='ltr'><em>tribuum,</em></span> <span class='ocrx_word' id='word_1_80' title='bbox 561 1853 595 1922; x_wconf 88' lang='lat' dir='ltr'><em>si</em></span> <span class='ocrx_word' id='word_1_81' title='bbox 622 1854 704 1945; x_wconf 84' lang='lat' dir='ltr'><em>quis</em></span> <span class='ocrx_word' id='word_1_82' title='bbox 730 1879 805 1947; x_wconf 88' lang='lat' dir='ltr'><em>pro</em></span> <span class='ocrx_word' id='word_1_83' title='bbox 834 1879 873 1921; x_wconf 88' lang='lat' dir='ltr'><em>se</em></span> <span class='ocrx_word' id='word_1_84' title='bbox 900 1857 975 1924; x_wconf 85' lang='lat' dir='ltr'><em>sive</em></span> <span class='ocrx_word' id='word_1_85' title='bbox 990 1878 1068 1948; x_wconf 88' lang='lat' dir='ltr'><em>pro</em></span> <span class='ocrx_word' id='word_1_86' title='bbox 1097 1855 1217 1956; x_wconf 86' lang='lat' dir='ltr'><em>altero</em></span> <span class='ocrx_word' id='word_1_87' title='bbox 1240 1853 1419 1922; x_wconf 86' lang='lat' dir='ltr'><em>rationem</em></span> 
     </span>
    </p>

    <p class='ocr_par' dir='ltr' id='par_1_8' title="bbox 205 1954 1172 2050">
     <span class='ocr_line' id='line_1_16' title="bbox 205 1954 1172 2050; baseline 0.007 -33"><span class='ocrx_word' id='word_1_88' title='bbox 205 2043 209 2050; x_wconf 16' lang='grc' dir='ltr'>ι</span> <span class='ocrx_word' id='word_1_89' title='bbox 246 1969 281 2017; x_wconf 77' lang='grc' dir='ltr'><em>ιι</em></span> <span class='ocrx_word' id='word_1_90' title='bbox 341 1954 430 2023; x_wconf 83' lang='lat' dir='ltr'><em>dari</em></span> <span class='ocrx_word' id='word_1_91' title='bbox 460 1957 573 2040; x_wconf 83' lang='lat' dir='ltr'><em>volet,</em></span> <span class='ocrx_word' id='word_1_92' title='bbox 606 1980 697 2025; x_wconf 72' lang='lat' dir='ltr'><em>crica</em></span> <span class='ocrx_word' id='word_1_93' title='bbox 723 1955 890 2025; x_wconf 73' lang='lat' dir='ltr'><em>inliciunt</em></span> <span class='ocrx_word' id='word_1_94' title='bbox 921 1955 991 2024; x_wconf 80' lang='lat' dir='ltr'><em>nuc</em></span> <span class='ocrx_word' id='word_1_95' title='bbox 1021 1957 1074 2026; x_wconf 85' lang='lat' dir='ltr'><em>ad</em></span> <span class='ocrx_word' id='word_1_96' title='bbox 1106 1981 1172 2026; x_wconf 76' lang='lat' dir='ltr'><em>mr.</em></span> 
     </span>
    </p>
   </div>
   <div class='ocr_carea' id='block_1_7' title="bbox 228 2087 1418 2292">
    <p class='ocr_par' dir='ltr' id='par_1_9' title="bbox 228 2087 1418 2292">
     <span class='ocr_line' id='line_1_17' title="bbox 228 2087 1418 2192; baseline -0.001 -25"><span class='ocrx_word' id='word_1_97' title='bbox 228 2127 279 2167; x_wconf 78' lang='grc' dir='ltr'><em>ιιι</em></span> <span class='ocrx_word' id='word_1_98' title='bbox 403 2087 472 2162; x_wconf 86' lang='grc'><em>87.</em></span> <span class='ocrx_word' id='word_1_99' title='bbox 519 2097 706 2165; x_wconf 88' lang='lat' dir='ltr'><em>Praeco</em></span> <span class='ocrx_word' id='word_1_100' title='bbox 693 2123 730 2168; x_wconf 86' lang='grc' dir='ltr'><em>ιιι</em></span> <span class='ocrx_word' id='word_1_101' title='bbox 764 2099 898 2192; x_wconf 82' lang='lat' dir='ltr'><em>templo</em></span> <span class='ocrx_word' id='word_1_102' title='bbox 929 2097 1096 2192; x_wconf 87' lang='lat' dir='ltr'><em>primum</em></span> <span class='ocrx_word' id='word_1_103' title='bbox 1123 2109 1251 2188; x_wconf 79' lang='lat' dir='ltr'><em>vocat,-</em></span> <span class='ocrx_word' id='word_1_104' title='bbox 1288 2110 1418 2192; x_wconf 82' lang='lat' dir='ltr'><em>posteo</em></span> 
     </span>
     <span class='ocr_line' id='line_1_18' title="bbox 256 2197 897 2292; baseline 0.014 -29"><span class='ocrx_word' id='word_1_105' title='bbox 256 2284 258 2292; x_wconf 18' lang='lat' dir='ltr'><strong><em>J</em></strong></span> <span class='ocrx_word' id='word_1_106' title='bbox 340 2197 386 2265; x_wconf 84' lang='lat' dir='ltr'><em>cle</em></span> <span class='ocrx_word' id='word_1_107' title='bbox 415 2199 550 2268; x_wconf 83' lang='lat' dir='ltr'><em>nroeris</em></span> <span class='ocrx_word' id='word_1_108' title='bbox 576 2199 663 2268; x_wconf 89' lang='lat' dir='ltr'><em>item</em></span> <span class='ocrx_word' id='word_1_109' title='bbox 693 2211 807 2270; x_wconf 80' lang='lat' dir='ltr'><em>vocat.</em></span> <span class='ocrx_word' id='word_1_110' title='bbox 895 2279 897 2287; x_wconf 48' lang='grc'><strong>,</strong></span> 
     </span>
    </p>
   </div>
   <div class='ocr_carea' id='block_1_8' title="bbox 177 2399 1427 3466">
    <p class='ocr_par' dir='ltr' id='par_1_10' title="bbox 288 2399 1427 2614">
     <span class='ocr_line' id='line_1_19' title="bbox 403 2399 1416 2471; baseline -0.003 -17"><span class='ocrx_word' id='word_1_111' title='bbox 403 2399 463 2454; x_wconf 87' lang='lat' dir='ltr'><em>Hoc</em></span> <span class='ocrx_word' id='word_1_112' title='bbox 482 2399 541 2455; x_wconf 88' lang='lat' dir='ltr'><em>loco</em></span> <span class='ocrx_word' id='word_1_113' title='bbox 558 2417 701 2471; x_wconf 85' lang='lat' dir='ltr'><em>quanquam</em></span> <span class='ocrx_word' id='word_1_114' title='bbox 719 2403 744 2456; x_wconf 94' lang='lat' dir='ltr'><em>in</em></span> <span class='ocrx_word' id='word_1_115' title='bbox 764 2401 838 2456; x_wconf 86' lang='lat' dir='ltr'><em>codd.</em></span> <span class='ocrx_word' id='word_1_116' title='bbox 855 2403 953 2455; x_wconf 88' lang='lat' dir='ltr'><em>nullum</em></span> <span class='ocrx_word' id='word_1_117' title='bbox 971 2407 1044 2455; x_wconf 82' lang='lat' dir='ltr'><em>extat</em></span> <span class='ocrx_word' id='word_1_118' title='bbox 1068 2402 1175 2454; x_wconf 84' lang='lat' dir='ltr'><em>lacunae</em></span> <span class='ocrx_word' id='word_1_119' title='bbox 1200 2400 1316 2468; x_wconf 82' lang='lat' dir='ltr'><em>signum,</em></span> <span class='ocrx_word' id='word_1_120' title='bbox 1342 2401 1416 2452; x_wconf 81' lang='lat' dir='ltr'><em>mults</em></span> 
     </span>
     <span class='ocr_line' id='line_1_20' title="bbox 290 2473 1416 2542; baseline -0.002 -18"><span class='ocrx_word' id='word_1_121' title='bbox 290 2475 376 2524; x_wconf 81' lang='lat' dir='ltr'><em>tamen</em></span> <span class='ocrx_word' id='word_1_122' title='bbox 393 2473 554 2526; x_wconf 76' lang='lat' dir='ltr'><em>intercidisse</em></span> <span class='ocrx_word' id='word_1_123' title='bbox 572 2477 656 2542; x_wconf 85' lang='lat' dir='ltr'><em>palam</em></span> <span class='ocrx_word' id='word_1_124' title='bbox 675 2481 722 2528; x_wconf 88' lang='lat' dir='ltr'><em>est.</em></span> <span class='ocrx_word' id='word_1_125' title='bbox 765 2474 832 2528; x_wconf 89' lang='lat' dir='ltr'><em>Nam</em></span> <span class='ocrx_word' id='word_1_126' title='bbox 850 2475 883 2526; x_wconf 88' lang='lat' dir='ltr'><em>ab</em></span> <span class='ocrx_word' id='word_1_127' title='bbox 901 2475 945 2526; x_wconf 87' lang='lat' dir='ltr'><em>illa</em></span> <span class='ocrx_word' id='word_1_128' title='bbox 963 2473 1136 2542; x_wconf 84' lang='lat' dir='ltr'><em>disputatione</em></span> <span class='ocrx_word' id='word_1_129' title='bbox 1153 2473 1187 2524; x_wconf 89' lang='lat' dir='ltr'><em>de</em></span> <span class='ocrx_word' id='word_1_130' title='bbox 1204 2473 1251 2535; x_wconf 88' lang='lat' dir='ltr'><em>iis,</em></span> <span class='ocrx_word' id='word_1_131' title='bbox 1276 2487 1344 2538; x_wconf 87' lang='lat' dir='ltr'><em>quae</em></span> <span class='ocrx_word' id='word_1_132' title='bbox 1364 2489 1416 2524; x_wconf 87' lang='lat' dir='ltr'><em>cor·</em></span> 
     </span>
     <span class='ocr_line' id='line_1_21' title="bbox 288 2543 1427 2614; baseline -0.003 -20"><span class='ocrx_word' id='word_1_133' title='bbox 288 2545 360 2609; x_wconf 87' lang='lat' dir='ltr'><em>poris</em></span> <span class='ocrx_word' id='word_1_134' title='bbox 384 2547 461 2596; x_wconf 89' lang='lat' dir='ltr'><em>certis</em></span> <span class='ocrx_word' id='word_1_135' title='bbox 480 2547 583 2611; x_wconf 80' lang='lat' dir='ltr'><em>organis</em></span> <span class='ocrx_word' id='word_1_136' title='bbox 600 2547 754 2598; x_wconf 83' lang='lat' dir='ltr'><em>membrisve</em></span> <span class='ocrx_word' id='word_1_137' title='bbox 778 2552 937 2614; x_wconf 83' lang='lat' dir='ltr'><em>peraguntur</em></span> <span class='ocrx_word' id='word_1_138' title='bbox 959 2545 996 2611; x_wconf 73' lang='lat' dir='ltr'><em>(a.</em></span> <span class='ocrx_word' id='word_1_139' title='bbox 1016 2560 1073 2596; x_wconf 84' lang='lat' dir='ltr'><em>ann.</em></span> <span class='ocrx_word' id='word_1_140' title='bbox 1093 2544 1125 2596; x_wconf 88' lang='lat' dir='ltr'><em>sd</em></span> <span class='ocrx_word' id='word_1_141' title='bbox 1143 2543 1254 2610; x_wconf 57' lang='lat' dir='ltr'><em>§wls</em></span> <span class='ocrx_word' id='word_1_142' title='bbox 1278 2543 1427 2610; x_wconf 52' lang='grc' dir='ltr'><em>ιίιιίρίιιιιιιἶ</em></span> 
     </span>
    </p>

    <p class='ocr_par' dir='ltr' id='par_1_11' title="bbox 177 2615 1416 3464">
     <span class='ocr_line' id='line_1_22' title="bbox 177 2615 1416 2682; baseline 0 -19"><span class='ocrx_word' id='word_1_143' title='bbox 177 2633 181 2643; x_wconf 49' lang='lat'>¹</span> <span class='ocrx_word' id='word_1_144' title='bbox 289 2619 398 2680; x_wconf 87' lang='lat' dir='ltr'><em>repente</em></span> <span class='ocrx_word' id='word_1_145' title='bbox 415 2615 447 2667; x_wconf 92' lang='lat' dir='ltr'><em>ad</em></span> <span class='ocrx_word' id='word_1_146' title='bbox 466 2616 551 2668; x_wconf 90' lang='lat' dir='ltr'><em>locum</em></span> <span class='ocrx_word' id='word_1_147' title='bbox 569 2615 601 2666; x_wconf 83' lang='lat' dir='ltr'><em>de</em></span> <span class='ocrx_word' id='word_1_148' title='bbox 619 2616 726 2676; x_wconf 61' lang='lat' dir='ltr'><em>luticios</em></span> <span class='ocrx_word' id='word_1_149' title='bbox 755 2615 804 2670; x_wconf 87' lang='lat' dir='ltr'><em>hoc</em></span> <span class='ocrx_word' id='word_1_150' title='bbox 822 2618 889 2669; x_wconf 86' lang='lat' dir='ltr'><em>enim</em></span> <span class='ocrx_word' id='word_1_151' title='bbox 908 2616 970 2682; x_wconf 89' lang='lat' dir='ltr'><em>quid</em></span> <span class='ocrx_word' id='word_1_152' title='bbox 988 2617 1036 2681; x_wconf 88' lang='lat' dir='ltr'><em>sit,</em></span> <span class='ocrx_word' id='word_1_153' title='bbox 1063 2615 1258 2681; x_wconf 84' lang='lat' dir='ltr'><em>diligentissime</em></span> <span class='ocrx_word' id='word_1_154' title='bbox 1275 2615 1416 2681; x_wconf 76' lang='lat' dir='ltr'><em>explicanti</em></span> 
     </span>
     <span class='ocr_line' id='line_1_23' title="bbox 287 2683 1414 2755; baseline -0.001 -21"><span class='ocrx_word' id='word_1_155' title='bbox 287 2683 348 2735; x_wconf 80' lang='lat' dir='ltr'><em>inde</em></span> <span class='ocrx_word' id='word_1_156' title='bbox 365 2701 381 2735; x_wconf 83' lang='lat' dir='ltr'><em>a</em></span> <span class='ocrx_word' id='word_1_157' title='bbox 399 2685 484 2737; x_wconf 84' lang='lat' dir='ltr'><em>verbis</em></span> <span class='ocrx_word' id='word_1_158' title='bbox 503 2686 810 2755; x_wconf 73' lang='lat' dir='ltr'><em>Nuncprimum§.86.</em></span> <span class='ocrx_word' id='word_1_159' title='bbox 828 2686 959 2754; x_wconf 83' lang='lat' dir='ltr'><em>usquead</em></span> <span class='ocrx_word' id='word_1_160' title='bbox 978 2703 1025 2738; x_wconf 86' lang='lat' dir='ltr'><strong>vv..</strong></span> <span class='ocrx_word' id='word_1_161' title='bbox 1038 2685 1138 2736; x_wconf 81' lang='lat' dir='ltr'><em>habent</em></span> <span class='ocrx_word' id='word_1_162' title='bbox 1155 2685 1374 2735; x_wconf 84' lang='lat' dir='ltr'><em>communitatem</em></span> <span class='ocrx_word' id='word_1_163' title='bbox 1395 2688 1414 2748; x_wconf 62' lang='grc' dir='ltr'><strong>ς.</strong></span> 
     </span>
     <span class='ocr_line' id='line_1_24' title="bbox 286 2755 1426 2827; baseline 0.002 -23"><span class='ocrx_word' id='word_1_164' title='bbox 286 2757 330 2806; x_wconf 81' lang='grc'><em>95.</em></span> <span class='ocrx_word' id='word_1_165' title='bbox 360 2755 517 2822; x_wconf 83' lang='lat' dir='ltr'><em>intelligitur</em></span> <span class='ocrx_word' id='word_1_166' title='bbox 532 2759 612 2825; x_wconf 82' lang='lat' dir='ltr'><em>igitur</em></span> <span class='ocrx_word' id='word_1_167' title='bbox 626 2759 765 2810; x_wconf 88' lang='lat' dir='ltr'><em>Varronem</em></span> <span class='ocrx_word' id='word_1_168' title='bbox 779 2760 812 2812; x_wconf 92' lang='lat' dir='ltr'><em>ab</em></span> <span class='ocrx_word' id='word_1_169' title='bbox 826 2759 865 2810; x_wconf 89' lang='lat' dir='ltr'><em>bis</em></span> <span class='ocrx_word' id='word_1_170' title='bbox 878 2758 1036 2810; x_wconf 87' lang='lat' dir='ltr'><em>naturalibus</em></span> <span class='ocrx_word' id='word_1_171' title='bbox 1051 2757 1191 2810; x_wconf 85' lang='lat' dir='ltr'><em>actionibus</em></span> <span class='ocrx_word' id='word_1_172' title='bbox 1206 2755 1254 2823; x_wconf 85' lang='lat' dir='ltr'><em>(ab</em></span> <span class='ocrx_word' id='word_1_173' title='bbox 1271 2757 1426 2827; x_wconf 81' lang='lat' dir='ltr'><em>agendo)</em></span> 
     </span>
     <span class='ocr_line' id='line_1_25' title="bbox 285 2820 1413 2896; baseline 0.001 -21"><span class='ocrx_word' id='word_1_174' title='bbox 285 2820 409 2878; x_wconf 73' lang='lat' dir='ltr'><em>transisse</em></span> <span class='ocrx_word' id='word_1_175' title='bbox 425 2828 458 2878; x_wconf 88' lang='lat' dir='ltr'><em>ad</em></span> <span class='ocrx_word' id='word_1_176' title='bbox 476 2830 602 2882; x_wconf 83' lang='lat' dir='ltr'><em>artificum</em></span> <span class='ocrx_word' id='word_1_177' title='bbox 620 2843 700 2896; x_wconf 85' lang='lat' dir='ltr'><em>opera</em></span> <span class='ocrx_word' id='word_1_178' title='bbox 719 2829 765 2896; x_wconf 88' lang='lat' dir='ltr'><em>(ad</em></span> <span class='ocrx_word' id='word_1_179' title='bbox 791 2829 1014 2896; x_wconf 84' lang='lat' dir='ltr'><em>laciendum),</em></span> <span class='ocrx_word' id='word_1_180' title='bbox 1042 2845 1094 2895; x_wconf 86' lang='lat' dir='ltr'><em>quo</em></span> <span class='ocrx_word' id='word_1_181' title='bbox 1118 2829 1177 2880; x_wconf 88' lang='lat' dir='ltr'><em>loco</em></span> <span class='ocrx_word' id='word_1_182' title='bbox 1199 2827 1268 2880; x_wconf 86' lang='lat' dir='ltr'><em>uude</em></span> <span class='ocrx_word' id='word_1_183' title='bbox 1291 2827 1413 2880; x_wconf 85' lang='lat' dir='ltr'><em>medicine</em></span> 
     </span>
     <span class='ocr_line' id='line_1_26' title="bbox 286 2898 1413 2970; baseline 0.001 -22"><span class='ocrx_word' id='word_1_184' title='bbox 286 2901 315 2948; x_wconf 87' lang='lat' dir='ltr'><em>et</em></span> <span class='ocrx_word' id='word_1_185' title='bbox 332 2899 430 2949; x_wconf 87' lang='lat' dir='ltr'><em>sutrina</em></span> <span class='ocrx_word' id='word_1_186' title='bbox 449 2898 534 2951; x_wconf 84' lang='lat' dir='ltr'><em>dictae</em></span> <span class='ocrx_word' id='word_1_187' title='bbox 552 2906 638 2952; x_wconf 74' lang='lat' dir='ltr'><em>essert</em></span> <span class='ocrx_word' id='word_1_188' title='bbox 654 2901 833 2968; x_wconf 84' lang='lat' dir='ltr'><em>aperiebatur,</em></span> <span class='ocrx_word' id='word_1_189' title='bbox 859 2901 928 2967; x_wconf 88' lang='lat' dir='ltr'><em>quod</em></span> <span class='ocrx_word' id='word_1_190' title='bbox 952 2899 1002 2953; x_wconf 87' lang='lat' dir='ltr'><em>hoc</em></span> <span class='ocrx_word' id='word_1_191' title='bbox 1024 2899 1094 2952; x_wconf 88' lang='lat' dir='ltr'><em>libro</em></span> <span class='ocrx_word' id='word_1_192' title='bbox 1109 2916 1137 2952; x_wconf 87' lang='lat' dir='ltr'><em>se</em></span> <span class='ocrx_word' id='word_1_193' title='bbox 1146 2899 1340 2970; x_wconf 84' lang='lat' dir='ltr'><em>‘praestiturum</em></span> <span class='ocrx_word' id='word_1_194' title='bbox 1361 2915 1413 2967; x_wconf 73' lang='lat' dir='ltr'><em>pro</em></span> 
     </span>
     <span class='ocr_line' id='line_1_27' title="bbox 285 2967 1412 3041; baseline 0.002 -23"><span class='ocrx_word' id='word_1_195' title='bbox 285 2967 392 3020; x_wconf 86' lang='lat' dir='ltr'><em>miserat</em></span> <span class='ocrx_word' id='word_1_196' title='bbox 410 2971 493 3024; x_wconf 86' lang='lat' dir='ltr'><em>Varro</em></span> <span class='ocrx_word' id='word_1_197' title='bbox 512 2972 543 3036; x_wconf 91' lang='lat' dir='ltr'><em>V,</em></span> <span class='ocrx_word' id='word_1_198' title='bbox 561 2976 620 3036; x_wconf 63' lang='lat'><em>93„</em></span> <span class='ocrx_word' id='word_1_199' title='bbox 645 2977 699 3024; x_wconf 88' lang='lat' dir='ltr'><em>tum</em></span> <span class='ocrx_word' id='word_1_200' title='bbox 718 2973 839 3041; x_wconf 85' lang='lat' dir='ltr'><em>deinceps</em></span> <span class='ocrx_word' id='word_1_201' title='bbox 864 2979 1053 3038; x_wconf 82' lang='lat' dir='ltr'><em>transgressum</em></span> <span class='ocrx_word' id='word_1_202' title='bbox 1072 2987 1130 3026; x_wconf 85' lang='lat' dir='ltr'><em>esse</em></span> <span class='ocrx_word' id='word_1_203' title='bbox 1147 2971 1180 3022; x_wconf 89' lang='lat' dir='ltr'><em>ad</em></span> <span class='ocrx_word' id='word_1_204' title='bbox 1198 2972 1314 3022; x_wconf 76' lang='lat' dir='ltr'><em>actiones</em></span> <span class='ocrx_word' id='word_1_205' title='bbox 1331 2973 1412 3022; x_wconf 77' lang='grc' dir='ltr'><strong>ιίιίΙιι</strong></span> 
     </span>
     <span class='ocr_line' id='line_1_28' title="bbox 284 3009 1413 3110; baseline 0.002 -22"><span class='ocrx_word' id='word_1_206' title='bbox 284 3037 333 3104; x_wconf 86' lang='lat' dir='ltr'><em>(ad</em></span> <span class='ocrx_word' id='word_1_207' title='bbox 352 3009 573 3108; x_wconf 81' lang='lat' dir='ltr'><em>gerenduni);</em></span> <span class='ocrx_word' id='word_1_208' title='bbox 601 3059 667 3109; x_wconf 85' lang='lat' dir='ltr'><em>quae</em></span> <span class='ocrx_word' id='word_1_209' title='bbox 690 3050 776 3096; x_wconf 86' lang='lat' dir='ltr'><em>sutem</em></span> <span class='ocrx_word' id='word_1_210' title='bbox 795 3046 828 3097; x_wconf 91' lang='lat' dir='ltr'><em>de</em></span> <span class='ocrx_word' id='word_1_211' title='bbox 846 3043 885 3095; x_wconf 78' lang='lat' dir='ltr'><em>liis</em></span> <span class='ocrx_word' id='word_1_212' title='bbox 903 3044 1055 3110; x_wconf 83' lang='lat' dir='ltr'><em>disputavit,</em></span> <span class='ocrx_word' id='word_1_213' title='bbox 1085 3048 1188 3110; x_wconf 87' lang='lat' dir='ltr'><em>praeter</em></span> <span class='ocrx_word' id='word_1_214' title='bbox 1211 3042 1306 3094; x_wconf 88' lang='lat' dir='ltr'><em>iliade</em></span> <span class='ocrx_word' id='word_1_215' title='bbox 1325 3043 1413 3101; x_wconf 84' lang='lat' dir='ltr'><em>inlicio,</em></span> 
     </span>
     <span class='ocr_line' id='line_1_29' title="bbox 284 3112 1410 3179; baseline 0 -17"><span class='ocrx_word' id='word_1_216' title='bbox 284 3112 373 3162; x_wconf 80' lang='lat' dir='ltr'><em>omnia</em></span> <span class='ocrx_word' id='word_1_217' title='bbox 396 3114 535 3166; x_wconf 86' lang='lat' dir='ltr'><em>miserabili</em></span> <span class='ocrx_word' id='word_1_218' title='bbox 560 3113 635 3168; x_wconf 87' lang='lat' dir='ltr'><em>huius</em></span> <span class='ocrx_word' id='word_1_219' title='bbox 653 3115 712 3167; x_wconf 91' lang='lat' dir='ltr'><em>libri</em></span> <span class='ocrx_word' id='word_1_220' title='bbox 730 3118 803 3168; x_wconf 87' lang='lat' dir='ltr'><em>ruina</em></span> <span class='ocrx_word' id='word_1_221' title='bbox 827 3115 917 3166; x_wconf 87' lang='lat' dir='ltr'><em>hausta</em></span> <span class='ocrx_word' id='word_1_222' title='bbox 934 3121 1001 3167; x_wconf 88' lang='lat' dir='ltr'><em>suut.</em></span> <span class='ocrx_word' id='word_1_223' title='bbox 1046 3114 1131 3165; x_wconf 88' lang='lat' dir='ltr'><em>Etiam</em></span> <span class='ocrx_word' id='word_1_224' title='bbox 1150 3113 1217 3166; x_wconf 74' lang='grc' dir='ltr'><em>ἅθ’·</em></span> <span class='ocrx_word' id='word_1_225' title='bbox 1200 3129 1248 3178; x_wconf 84' lang='grc' dir='ltr'><strong>ιιι,</strong></span> <span class='ocrx_word' id='word_1_226' title='bbox 1271 3129 1342 3179; x_wconf 84' lang='lat' dir='ltr'><em>quae</em></span> <span class='ocrx_word' id='word_1_227' title='bbox 1362 3128 1410 3165; x_wconf 88' lang='lat' dir='ltr'><em>cor-</em></span> 
     </span>
     <span class='ocr_line' id='line_1_30' title="bbox 284 3183 1424 3254; baseline 0.002 -23"><span class='ocrx_word' id='word_1_228' title='bbox 284 3196 365 3247; x_wconf 89' lang='lat' dir='ltr'><em>pore,</em></span> <span class='ocrx_word' id='word_1_229' title='bbox 383 3183 462 3235; x_wconf 85' lang='lat' dir='ltr'><em>veluti</em></span> <span class='ocrx_word' id='word_1_230' title='bbox 481 3185 604 3251; x_wconf 83' lang='lat' dir='ltr'><em>pedibus,</em></span> <span class='ocrx_word' id='word_1_231' title='bbox 623 3194 756 3252; x_wconf 79' lang='lat' dir='ltr'><em>aguntur,</em></span> <span class='ocrx_word' id='word_1_232' title='bbox 781 3188 893 3254; x_wconf 83' lang='lat' dir='ltr'><em>scriptor</em></span> <span class='ocrx_word' id='word_1_233' title='bbox 909 3188 984 3254; x_wconf 83' lang='lat' dir='ltr'><em>plura</em></span> <span class='ocrx_word' id='word_1_234' title='bbox 1001 3185 1098 3240; x_wconf 81' lang='lat' dir='ltr'><em>dixisse</em></span> <span class='ocrx_word' id='word_1_235' title='bbox 1114 3185 1257 3237; x_wconf 85' lang='lat' dir='ltr'><em>censendus</em></span> <span class='ocrx_word' id='word_1_236' title='bbox 1274 3187 1327 3236; x_wconf 89' lang='lat' dir='ltr'><em>erit</em></span> <span class='ocrx_word' id='word_1_237' title='bbox 1343 3199 1424 3252; x_wconf 86' lang='lat' dir='ltr'><em>quau</em></span> 
     </span>
     <span class='ocr_line' id='line_1_31' title="bbox 284 3253 1424 3325; baseline 0.002 -23"><span class='ocrx_word' id='word_1_238' title='bbox 284 3257 391 3316; x_wconf 84' lang='lat' dir='ltr'><em>extant,</em></span> <span class='ocrx_word' id='word_1_239' title='bbox 413 3259 441 3305; x_wconf 90' lang='lat' dir='ltr'><em>et</em></span> <span class='ocrx_word' id='word_1_240' title='bbox 459 3255 531 3307; x_wconf 87' lang='lat' dir='ltr'><em>locus</em></span> <span class='ocrx_word' id='word_1_241' title='bbox 547 3255 593 3320; x_wconf 75' lang='lat' dir='ltr'><em>ille</em></span> <span class='ocrx_word' id='word_1_242' title='bbox 611 3258 644 3308; x_wconf 91' lang='lat' dir='ltr'><em>de</em></span> <span class='ocrx_word' id='word_1_243' title='bbox 662 3259 792 3323; x_wconf 85' lang='lat' dir='ltr'><em>manibus,</em></span> <span class='ocrx_word' id='word_1_244' title='bbox 817 3260 860 3325; x_wconf 89' lang='lat' dir='ltr'><em>qui</em></span> <span class='ocrx_word' id='word_1_245' title='bbox 880 3273 963 3324; x_wconf 86' lang='lat' dir='ltr'><em>neque</em></span> <span class='ocrx_word' id='word_1_246' title='bbox 988 3256 1090 3322; x_wconf 78' lang='lat' dir='ltr'><em>integer</em></span> <span class='ocrx_word' id='word_1_247' title='bbox 1113 3263 1153 3308; x_wconf 86' lang='lat' dir='ltr'><em>est</em></span> <span class='ocrx_word' id='word_1_248' title='bbox 1176 3271 1233 3308; x_wconf 88' lang='lat' dir='ltr'><em>cum</em></span> <span class='ocrx_word' id='word_1_249' title='bbox 1252 3253 1317 3307; x_wconf 90' lang='lat' dir='ltr'><em>nihil</em></span> <span class='ocrx_word' id='word_1_250' title='bbox 1336 3256 1424 3309; x_wconf 84' lang='lat' dir='ltr'><em>conti</em></span> 
     </span>
     <span class='ocr_line' id='line_1_32' title="bbox 283 3324 1410 3399; baseline 0.004 -25"><span class='ocrx_word' id='word_1_251' title='bbox 283 3329 345 3374; x_wconf 87' lang='lat' dir='ltr'><em>neat</em></span> <span class='ocrx_word' id='word_1_252' title='bbox 369 3324 402 3376; x_wconf 90' lang='lat' dir='ltr'><em>de</em></span> <span class='ocrx_word' id='word_1_253' title='bbox 428 3324 585 3391; x_wconf 76' lang='lat' dir='ltr'><em>redonibus,</em></span> <span class='ocrx_word' id='word_1_254' title='bbox 611 3335 639 3380; x_wconf 90' lang='lat' dir='ltr'><em>et</em></span> <span class='ocrx_word' id='word_1_255' title='bbox 661 3345 720 3382; x_wconf 88' lang='lat' dir='ltr'><em>curn</em></span> <span class='ocrx_word' id='word_1_256' title='bbox 745 3329 874 3399; x_wconf 83' lang='lat' dir='ltr'><em>prioribus</em></span> <span class='ocrx_word' id='word_1_257' title='bbox 899 3345 989 3397; x_wconf 85' lang='lat' dir='ltr'><em>parum</em></span> <span class='ocrx_word' id='word_1_258' title='bbox 1015 3327 1151 3388; x_wconf 87' lang='lat' dir='ltr'><em>cohaeret,</em></span> <span class='ocrx_word' id='word_1_259' title='bbox 1179 3326 1252 3394; x_wconf 84' lang='lat' dir='ltr'><em>quasi</em></span> <span class='ocrx_word' id='word_1_260' title='bbox 1271 3327 1410 3380; x_wconf 80' lang='lat' dir='ltr'><em>ambustus</em></span> 
     </span>
     <span class='ocr_line' id='line_1_33' title="bbox 283 3393 1152 3466; baseline 0.007 -21"><span class='ocrx_word' id='word_1_261' title='bbox 283 3393 342 3462; x_wconf 79' lang='lat' dir='ltr'><em>frag</em></span> <span class='ocrx_word' id='word_1_262' title='bbox 325 3411 416 3460; x_wconf 71' lang='lat' dir='ltr'><em>amen,</em></span> <span class='ocrx_word' id='word_1_263' title='bbox 441 3398 530 3449; x_wconf 86' lang='lat' dir='ltr'><em>nescio</em></span> <span class='ocrx_word' id='word_1_264' title='bbox 555 3413 607 3464; x_wconf 86' lang='lat' dir='ltr'><em>quo</em></span> <span class='ocrx_word' id='word_1_265' title='bbox 625 3413 703 3466; x_wconf 87' lang='lat' dir='ltr'><em>casu,</em></span> <span class='ocrx_word' id='word_1_266' title='bbox 728 3417 762 3454; x_wconf 83' lang='lat' dir='ltr'><em>ex</em></span> <span class='ocrx_word' id='word_1_267' title='bbox 780 3402 825 3454; x_wconf 90' lang='lat' dir='ltr'><em>illo</em></span> <span class='ocrx_word' id='word_1_268' title='bbox 843 3401 962 3455; x_wconf 87' lang='lat' dir='ltr'><em>incendio</em></span> <span class='ocrx_word' id='word_1_269' title='bbox 980 3401 1069 3452; x_wconf 84' lang='lat' dir='ltr'><em>evasit.</em></span> <span class='ocrx_word' id='word_1_270' title='bbox 1151 3421 1152 3426; x_wconf 44' lang='lat'>¹</span> 
     </span>
    </p>
   </div>
   <div class='ocr_carea' id='block_1_9' title="bbox 277 3506 1422 4232">
    <p class='ocr_par' dir='ltr' id='par_1_12' title="bbox 277 3506 1421 4232">
     <span class='ocr_line' id='line_1_34' title="bbox 382 3506 1408 3602; baseline -0.003 -30.961"><span class='ocrx_word' id='word_1_271' title='bbox 382 3506 448 3571; x_wconf 93' lang='grc'><em>86.</em></span> <span class='ocrx_word' id='word_1_272' title='bbox 474 3518 615 3602; x_wconf 70' lang='lat' dir='ltr'><em>Cepsoriis]</em></span> <span class='ocrx_word' id='word_1_273' title='bbox 635 3521 748 3573; x_wconf 87' lang='lat' dir='ltr'><em>censoris</em></span> <span class='ocrx_word' id='word_1_274' title='bbox 765 3521 800 3574; x_wconf 91' lang='lat' dir='ltr'><em>H.</em></span> <span class='ocrx_word' id='word_1_275' title='bbox 915 3523 1054 3590; x_wconf 83' lang='lat' dir='ltr'><em>censurae]</em></span> <span class='ocrx_word' id='word_1_276' title='bbox 1073 3523 1173 3594; x_wconf 85' lang='lat' dir='ltr'><em>scripsi.</em></span> <span class='ocrx_word' id='word_1_277' title='bbox 1210 3538 1324 3572; x_wconf 85' lang='lat' dir='ltr'><em>censura</em></span> <span class='ocrx_word' id='word_1_278' title='bbox 1345 3519 1408 3574; x_wconf 87' lang='lat' dir='ltr'><em>codd</em></span> 
     </span>
     <span class='ocr_line' id='line_1_35' title="bbox 284 3579 1408 3660; baseline -0.004 -17"><span class='ocrx_word' id='word_1_279' title='bbox 284 3593 345 3644; x_wconf 88' lang='lat' dir='ltr'><em>Non</em></span> <span class='ocrx_word' id='word_1_280' title='bbox 369 3593 447 3644; x_wconf 84' lang='lat' dir='ltr'><em>lodie</em></span> <span class='ocrx_word' id='word_1_281' title='bbox 470 3591 519 3644; x_wconf 86' lang='lat' dir='ltr'><em>isti</em></span> <span class='ocrx_word' id='word_1_282' title='bbox 543 3591 582 3643; x_wconf 87' lang='lat' dir='ltr'><em>rei</em></span> <span class='ocrx_word' id='word_1_283' title='bbox 606 3592 761 3660; x_wconf 79' lang='lat' dir='ltr'><em>auspicavi,</em></span> <span class='ocrx_word' id='word_1_284' title='bbox 786 3579 894 3647; x_wconf 81' lang='lat' dir='ltr'><em>Plautds</em></span> <span class='ocrx_word' id='word_1_285' title='bbox 919 3595 1033 3647; x_wconf 89' lang='lat' dir='ltr'><em>Rudent.</em></span> <span class='ocrx_word' id='word_1_286' title='bbox 1052 3595 1108 3659; x_wconf 92' lang='lat' dir='ltr'><em>Ill,</em></span> <span class='ocrx_word' id='word_1_287' title='bbox 1125 3599 1158 3659; x_wconf 93' lang='lat'><em>4,</em></span> <span class='ocrx_word' id='word_1_288' title='bbox 1177 3596 1219 3645; x_wconf 75' lang='lat'><strong>12.</strong></span> <span class='ocrx_word' id='word_1_289' title='bbox 1265 3593 1308 3644; x_wconf 89' lang='lat' dir='ltr'><em>De</em></span> <span class='ocrx_word' id='word_1_290' title='bbox 1332 3595 1408 3645; x_wconf 75' lang='lat' dir='ltr'><em>activa</em></span> 
     </span>
     <span class='ocr_line' id='line_1_36' title="bbox 282 3661 1422 3745; baseline -0.003 -30"><span class='ocrx_word' id='word_1_291' title='bbox 282 3665 363 3717; x_wconf 85' lang='lat' dir='ltr'><em>verbo</em></span> <span class='ocrx_word' id='word_1_292' title='bbox 382 3664 515 3745; x_wconf 86' lang='lat' dir='ltr'><em>suspicare</em></span> <span class='ocrx_word' id='word_1_293' title='bbox 533 3661 673 3717; x_wconf 89' lang='lat' dir='ltr'><em>Nouinss.</em></span> <span class='ocrx_word' id='word_1_294' title='bbox 687 3681 709 3717; x_wconf 91' lang='lat' dir='ltr'><strong>v.</strong></span> <span class='ocrx_word' id='word_1_295' title='bbox 729 3666 858 3733; x_wconf 82' lang='lat' dir='ltr'><em>auspicavi</em></span> <span class='ocrx_word' id='word_1_296' title='bbox 877 3684 902 3734; x_wconf 89' lang='lat' dir='ltr'><em>p.</em></span> <span class='ocrx_word' id='word_1_297' title='bbox 912 3670 973 3720; x_wconf 85' lang='lat'><strong>468.</strong></span> <span class='ocrx_word' id='word_1_298' title='bbox 992 3667 1103 3718; x_wconf 76' lang='lat' dir='ltr'><em>Merces.</em></span> <span class='ocrx_word' id='word_1_299' title='bbox 1215 3665 1422 3744; x_wconf 57' lang='lat' dir='ltr'><em>praeconem</em></span> 
     </span>
     <span class='ocr_line' id='line_1_37' title="bbox 280 3733 1408 3804; baseline -0.002 -20"><span class='ocrx_word' id='word_1_300' title='bbox 280 3736 420 3802; x_wconf 86' lang='lat' dir='ltr'><em>praeconis</em></span> <span class='ocrx_word' id='word_1_301' title='bbox 438 3735 524 3788; x_wconf 83' lang='lat' dir='ltr'><strong>FGH.</strong></span> <span class='ocrx_word' id='word_1_302' title='bbox 555 3753 636 3804; x_wconf 77' lang='lat' dir='ltr'><em>praec</em></span> <span class='ocrx_word' id='word_1_303' title='bbox 624 3733 748 3788; x_wconf 83' lang='lat' dir='ltr'><em>coniisa.</em></span> <span class='ocrx_word' id='word_1_304' title='bbox 781 3737 946 3804; x_wconf 86' lang='lat' dir='ltr'><em>preconisb.</em></span> <span class='ocrx_word' id='word_1_305' title='bbox 1060 3735 1176 3800; x_wconf 79' lang='lat' dir='ltr'><em>siet]vg.</em></span> <span class='ocrx_word' id='word_1_306' title='bbox 1208 3751 1232 3786; x_wconf 83' lang='grc' dir='ltr'><em>ιι</em></span> <span class='ocrx_word' id='word_1_307' title='bbox 1228 3733 1314 3786; x_wconf 87' lang='lat' dir='ltr'><em>&#39;.etb</em></span> <span class='ocrx_word' id='word_1_308' title='bbox 1343 3735 1408 3785; x_wconf 87' lang='lat' dir='ltr'><em>sierit</em></span> 
     </span>
     <span class='ocr_line' id='line_1_38' title="bbox 281 3804 1409 3878; baseline -0.005 -20"><span class='ocrx_word' id='word_1_309' title='bbox 281 3806 313 3858; x_wconf 72' lang='lat' dir='ltr'><strong>F.</strong></span> <span class='ocrx_word' id='word_1_310' title='bbox 349 3805 374 3858; x_wconf 83' lang='lat' dir='ltr'><em>si</em></span> <span class='ocrx_word' id='word_1_311' title='bbox 391 3805 443 3856; x_wconf 86' lang='lat' dir='ltr'><em>erit</em></span> <span class='ocrx_word' id='word_1_312' title='bbox 461 3807 495 3858; x_wconf 84' lang='lat' dir='ltr'><strong>G.</strong></span> <span class='ocrx_word' id='word_1_313' title='bbox 533 3806 703 3876; x_wconf 77' lang='lat' dir='ltr'><em>quaesiverit,</em></span> <span class='ocrx_word' id='word_1_314' title='bbox 722 3808 842 3860; x_wconf 87' lang='lat' dir='ltr'><em>adiuncto</em></span> <span class='ocrx_word' id='word_1_315' title='bbox 855 3806 1025 3876; x_wconf 80' lang='lat' dir='ltr'><em>praecedente</em></span> <span class='ocrx_word' id='word_1_316' title='bbox 1041 3825 1100 3878; x_wconf 88' lang='lat' dir='ltr'><em>que</em></span> <span class='ocrx_word' id='word_1_317' title='bbox 1120 3807 1169 3859; x_wconf 85' lang='lat' dir='ltr'><em>Hs.</em></span> <span class='ocrx_word' id='word_1_318' title='bbox 1283 3804 1409 3875; x_wconf 76' lang='lat' dir='ltr'><em>collegae-</em></span> 
     </span>
     <span class='ocr_line' id='line_1_39' title="bbox 282 3876 1421 3945; baseline -0.006 -14"><span class='ocrx_word' id='word_1_319' title='bbox 282 3893 334 3945; x_wconf 83' lang='lat' dir='ltr'><em>que</em></span> <span class='ocrx_word' id='word_1_320' title='bbox 351 3877 417 3944; x_wconf 87' lang='lat' dir='ltr'><em>meo]</em></span> <span class='ocrx_word' id='word_1_321' title='bbox 443 3877 542 3932; x_wconf 75' lang='lat' dir='ltr'><em>sicu.</em></span> <span class='ocrx_word' id='word_1_322' title='bbox 562 3877 691 3932; x_wconf 85' lang='lat' dir='ltr'><em>Caecilius</em></span> <span class='ocrx_word' id='word_1_323' title='bbox 715 3879 838 3931; x_wconf 84' lang='lat' dir='ltr'><em>Metellus</em></span> <span class='ocrx_word' id='word_1_324' title='bbox 863 3879 895 3930; x_wconf 89' lang='lat' dir='ltr'><em>sd</em></span> <span class='ocrx_word' id='word_1_325' title='bbox 920 3879 1055 3932; x_wconf 80' lang='lat' dir='ltr'><em>Aemilium</em></span> <span class='ocrx_word' id='word_1_326' title='bbox 1080 3885 1108 3931; x_wconf 89' lang='lat' dir='ltr'><em>et</em></span> <span class='ocrx_word' id='word_1_327' title='bbox 1133 3876 1249 3930; x_wconf 76' lang='lat' dir='ltr'><em>Fulvium</em></span> <span class='ocrx_word' id='word_1_328' title='bbox 1269 3877 1406 3930; x_wconf 82' lang='lat' dir='ltr'><em>Censores.</em></span> <span class='ocrx_word' id='word_1_329' title='bbox 1420 3887 1421 3939; x_wconf 70' lang='grc' dir='ltr'><em>ι</em></span> 
     </span>
     <span class='ocr_line' id='line_1_40' title="bbox 281 3941 1407 4019; baseline -0.004 -21"><span class='ocrx_word' id='word_1_330' title='bbox 281 3947 387 4014; x_wconf 82' lang='lat' dir='ltr'><em>Quod&#39;</em></span> <span class='ocrx_word' id='word_1_331' title='bbox 376 3965 406 3998; x_wconf 81' lang='lat' dir='ltr'><em>ra</em></span> <span class='ocrx_word' id='word_1_332' title='bbox 423 3944 542 3999; x_wconf 82' lang='lat' dir='ltr'><em>amnibus</em></span> <span class='ocrx_word' id='word_1_333' title='bbox 553 3947 617 4018; x_wconf 89' lang='lat' dir='ltr'><em>fere</em></span> <span class='ocrx_word' id='word_1_334' title='bbox 634 3947 833 4018; x_wconf 81' lang='lat' dir='ltr'><em>precationibus</em></span> <span class='ocrx_word' id='word_1_335' title='bbox 850 3949 1039 4019; x_wconf 84' lang='lat' dir='ltr'><em>nuncupabitis</em></span> <span class='ocrx_word' id='word_1_336' title='bbox 1054 3947 1153 4000; x_wconf 83' lang='lat' dir='ltr'><em>verbis·</em></span> <span class='ocrx_word' id='word_1_337' title='bbox 1183 3949 1220 3998; x_wconf 86' lang='lat' dir='ltr'><em>Ut</em></span> <span class='ocrx_word' id='word_1_338' title='bbox 1237 3965 1271 3997; x_wconf 88' lang='lat' dir='ltr'><em>ea</em></span> <span class='ocrx_word' id='word_1_339' title='bbox 1289 3966 1334 3999; x_wconf 85' lang='lat' dir='ltr'><em>res</em></span> <span class='ocrx_word' id='word_1_340' title='bbox 1353 3941 1407 3998; x_wconf 83' lang='lat' dir='ltr'><em>mili</em></span> 
     </span>
     <span class='ocr_line' id='line_1_41' title="bbox 281 4017 1420 4091; baseline 0.002 -24"><span class='ocrx_word' id='word_1_341' title='bbox 281 4018 457 4089; x_wconf 81' lang='lat' dir='ltr'><em>conlegaeque</em></span> <span class='ocrx_word' id='word_1_342' title='bbox 482 4037 537 4070; x_wconf 88' lang='lat' dir='ltr'><em>mea</em></span> <span class='ocrx_word' id='word_1_343' title='bbox 556 4019 617 4071; x_wconf 86' lang='lat' dir='ltr'><em>bene</em></span> <span class='ocrx_word' id='word_1_344' title='bbox 635 4031 662 4071; x_wconf 86' lang='lat' dir='ltr'><em>et</em></span> <span class='ocrx_word' id='word_1_345' title='bbox 674 4020 798 4091; x_wconf 88' lang='lat' dir='ltr'><em>feliciter</em></span> <span class='ocrx_word' id='word_1_346' title='bbox 815 4020 961 4083; x_wconf 61' lang='lat' dir='ltr'><em>eveniat„</em></span> <span class='ocrx_word' id='word_1_347' title='bbox 974 4022 1112 4076; x_wconf 81' lang='lat' dir='ltr'><em>.Livius</em></span> <span class='ocrx_word' id='word_1_348' title='bbox 1126 4020 1190 4085; x_wconf 88' lang='lat' dir='ltr'><em>XL,</em></span> <span class='ocrx_word' id='word_1_349' title='bbox 1205 4022 1249 4071; x_wconf 85' lang='lat'><em>46.</em></span> <span class='ocrx_word' id='word_1_350' title='bbox 1359 4017 1420 4070; x_wconf 74' lang='lat' dir='ltr'><em>sive</em></span> 
     </span>
     <span class='ocr_line' id='line_1_42' title="bbox 277 4081 1420 4161; baseline -0.002 -21"><span class='ocrx_word' id='word_1_351' title='bbox 277 4090 340 4156; x_wconf 86' lang='lat' dir='ltr'><em>pro]</em></span> <span class='ocrx_word' id='word_1_352' title='bbox 360 4081 507 4158; x_wconf 75' lang='lat' dir='ltr'><em>Scioppius</em></span> <span class='ocrx_word' id='word_1_353' title='bbox 548 4092 573 4144; x_wconf 81' lang='lat' dir='ltr'><em>si</em></span> <span class='ocrx_word' id='word_1_354' title='bbox 590 4091 668 4142; x_wconf 82' lang='lat' dir='ltr'><em>verbo</em></span> <span class='ocrx_word' id='word_1_355' title='bbox 686 4093 787 4145; x_wconf 82' lang='lat' dir='ltr'><em>FGHa.</em></span> <span class='ocrx_word' id='word_1_356' title='bbox 823 4089 943 4145; x_wconf 79' lang='lat' dir='ltr'><em>verbob.</em></span> <span class='ocrx_word' id='word_1_357' title='bbox 1094 4092 1165 4158; x_wconf 81' lang='lat' dir='ltr'><em>clari]</em></span> <span class='ocrx_word' id='word_1_358' title='bbox 1184 4089 1248 4140; x_wconf 85' lang='lat' dir='ltr'><em>dare</em></span> <span class='ocrx_word' id='word_1_359' title='bbox 1266 4087 1403 4142; x_wconf 81' lang='lat' dir='ltr'><em>scribitis</em></span> <span class='ocrx_word' id='word_1_360' title='bbox 1419 4099 1420 4161; x_wconf 62' lang='lat' dir='ltr'><em>q</em></span> 
     </span>
     <span class='ocr_line' id='line_1_43' title="bbox 281 4158 1390 4232; baseline -0.003 -21"><span class='ocrx_word' id='word_1_361' title='bbox 281 4159 324 4212; x_wconf 76' lang='lat' dir='ltr'><em>Fr.</em></span> <span class='ocrx_word' id='word_1_362' title='bbox 345 4162 458 4214; x_wconf 85' lang='lat' dir='ltr'><em>Gronov.</em></span> <span class='ocrx_word' id='word_1_363' title='bbox 478 4161 602 4214; x_wconf 82' lang='lat' dir='ltr'><em>Observv.</em></span> <span class='ocrx_word' id='word_1_364' title='bbox 620 4164 668 4227; x_wconf 89' lang='lat' dir='ltr'><em>lv,</em></span> <span class='ocrx_word' id='word_1_365' title='bbox 684 4167 710 4216; x_wconf 80' lang='grc'><em>3.</em></span> <span class='ocrx_word' id='word_1_366' title='bbox 731 4183 755 4232; x_wconf 90' lang='lat' dir='ltr'><em>p.</em></span> <span class='ocrx_word' id='word_1_367' title='bbox 768 4167 830 4216; x_wconf 81' lang='grc'><strong>548.</strong></span> <span class='ocrx_word' id='word_1_368' title='bbox 846 4161 973 4232; x_wconf 75' lang='lat'><em>(442).</em></span> <span class='ocrx_word' id='word_1_369' title='bbox 1048 4163 1124 4230; x_wconf 83' lang='lat' dir='ltr'><em>voca]</em></span> <span class='ocrx_word' id='word_1_370' title='bbox 1142 4179 1183 4228; x_wconf 80' lang='lat' dir='ltr'><strong>vg.</strong></span> <span class='ocrx_word' id='word_1_371' title='bbox 1220 4171 1301 4213; x_wconf 82' lang='lat' dir='ltr'><em>vocat</em></span> <span class='ocrx_word' id='word_1_372' title='bbox 1320 4158 1390 4214; x_wconf 89' lang='lat' dir='ltr'><em>codd.</em></span> 
     </span>
    </p>
   </div>
   <div class='ocr_carea' id='block_1_10' title="bbox 310 4273 1400 4360">
    <p class='ocr_par' dir='ltr' id='par_1_13' title="bbox 310 4257 1419 4383">
     <span class='ocr_line' id='line_1_44' title="bbox 310 4273 1400 4360; baseline -0.008 -15"><span class='ocrx_word' id='word_1_373' title='bbox 310 4273 313 4280; x_wconf 38' lang='lat'><em>¹</em></span> <span class='ocrx_word' id='word_1_374' title='bbox 393 4278 445 4344; x_wconf 79' lang='grc'><em>87.</em></span> <span class='ocrx_word' id='word_1_375' title='bbox 478 4299 573 4360; x_wconf 80' lang='lat' dir='ltr'><em>postea</em></span> <span class='ocrx_word' id='word_1_376' title='bbox 598 4291 629 4343; x_wconf 81' lang='lat' dir='ltr'><em>‹le</em></span> <span class='ocrx_word' id='word_1_377' title='bbox 654 4292 758 4359; x_wconf 80' lang='lat' dir='ltr'><em>moeris]</em></span> <span class='ocrx_word' id='word_1_378' title='bbox 782 4310 824 4360; x_wconf 77' lang='lat' dir='ltr'><strong>vg.</strong></span> <span class='ocrx_word' id='word_1_379' title='bbox 876 4302 939 4360; x_wconf 84' lang='lat' dir='ltr'><em>post</em></span> <span class='ocrx_word' id='word_1_380' title='bbox 966 4289 1056 4342; x_wconf 81' lang='lat' dir='ltr'><em>cariem</em></span> <span class='ocrx_word' id='word_1_381' title='bbox 1085 4289 1155 4342; x_wconf 84' lang='lat' dir='ltr'><em>aeris</em></span> <span class='ocrx_word' id='word_1_382' title='bbox 1181 4287 1247 4354; x_wconf 89' lang='lat' dir='ltr'><em>(eris</em></span> <span class='ocrx_word' id='word_1_383' title='bbox 1266 4289 1308 4356; x_wconf 86' lang='lat' dir='ltr'><em>b.)</em></span> <span class='ocrx_word' id='word_1_384' title='bbox 1337 4283 1400 4342; x_wconf 91' lang='lat' dir='ltr'><em>codd</em></span> 
     </span>
    </p>
   </div>
   <div class='ocr_carea' id='block_1_11' title="bbox 1414 4661 1417 4767">
    <p class='ocr_par' dir='ltr' id='par_1_14' title="bbox 1414 4661 1417 4767">
     <span class='ocr_line' id='line_1_45' title="bbox 1414 4661 1417 4767; baseline 0 0"><span class='ocrx_word' id='word_1_385' title='bbox 1414 4661 1417 4767; x_wconf 88' lang='lat' dir='ltr'><em>l</em></span> 
     </span>
    </p>
   </div>
   <div class='ocr_carea' id='block_1_12' title="bbox 0 0 1436 4814">
    <p class='ocr_par' dir='ltr' id='par_1_15' title="bbox 0 0 1436 4814">
     <span class='ocr_line' id='line_1_46' title="bbox 0 0 1436 4814; baseline 0 7"><span class='ocrx_word' id='word_1_386' title='bbox 0 0 1436 4814; x_wconf 95' lang='lat' dir='ltr'><em> </em></span> 
     </span>
    </p>
   </div>
  </div>
 </body>
</html>
