2874 4804
243 247 327 324 260
634 272 755 316 ernon
796 273 990 350 uncinus.

158 437 167 454 “
207 438 236 511 d
332 431 399 508 72.
429 431 555 508 Omnis
576 433 754 533 analogiae
776 434 1040 510 fundamentum
1064 435 1252 509 similitudo
1274 463 1375 535 quae·

245 539 345 632 dam,
382 549 422 610 ut
455 537 549 630 dixi,
586 562 675 634 qnae
702 537 788 610 solet
813 563 892 610 csse
922 543 960 610 in
988 538 1114 631 rebus,
1148 541 1185 609 in
1217 539 1376 630 vocibus,

188 655 280 722 esset
311 644 349 713 in
379 649 548 737 utroque:
585 641 622 710 in
647 663 717 735 qua
741 637 865 710 harum
895 653 992 739 parte
1019 653 1168 738 cumque
1195 643 1242 711 sit
1267 644 1304 712 in
1330 641 1380 713 se·

182 737 387 836 *rendoi
412 754 447 814 et
472 740 710 838 quoiusmodi,
738 739 939 814 videndum.
993 743 1106 836 Nam,
1135 753 1176 814 ut
1200 741 1291 833 dixi,
1320 769 1380 814 ne-

202 858 205 870 '
243 871 311 944 que
342 870 481 934 rerum,
529 867 641 938 neque
675 844 773 914 vocis
809 842 999 916 similitudo
1048 845 1094 916 ad
1126 843 1191 915 has
1230 844 1381 942 duplicis

244 945 436 1044 *analogias
472 941 658 1015 verborum
698 945 970 1040 exprimendas*,
1015 973 1102 1044 quas
1134 948 1172 1016 in
1203 945 1380 1044 loquendo

243 1049 454 1146 quaerimus,
483 1047 668 1143 separatim
689 1047 773 1116 satis
795 1056 863 1138 est,
886 1047 981 1144 quod
1004 1061 1150 1146 utraque
1171 1059 1268 1146 parte
1291 1074 1381 1146 opus

167 1171 232 1236 (141
242 1161 297 1222 est
322 1147 437 1220 simili.
492 1147 592 1240 Quas
622 1146 667 1218 ad
699 1146 911 1246 loquendum
934 1160 975 1220 ut
1000 1143 1188 1251 perducas,
1214 1149 1381 1222 accedere

244 1249 347 1324 debet
379 1276 484 1343 usus,
525 1249 592 1321 alia
624 1247 716 1321 enim
739 1251 852 1342 ratio,
888 1252 948 1347 qui
978 1250 1087 1324 facias
1111 1253 1378 1346 vestimentum,

211 1349 214 1354 ’
243 1354 331 1445 alia,
367 1349 658 1449 quemadmodum
685 1360 782 1423 utare
807 1354 1024 1425 vestimento.
1166 1351 1234 1424 75.
1270 1353 1380 1425 Usuis

244 1456 376 1553 species
412 1452 574 1525 videntur
599 1479 677 1525 esse
703 1465 797 1548 tres,
834 1480 903 1525 nna
936 1453 1196 1526 consuetudinis
1227 1456 1379 1548 veteris3

244 1558 349 1629 altera
385 1553 645 1627 consuetudinis
669 1554 803 1649 -huius3
838 1558 938 1627 tertia
965 1568 1100 1629 neutra.
1154 1557 1306 1647 Vetera,
1344 1567 1383 1627 ut

183 1683 436 1750 necascus,
469 1658 615 1748 casci,
655 1684 809 1749 surus,
846 1659 954 1728 suri.
1008 1659 1127 1730 Huius
1160 1657 1383 1730 consuetudi-

242 1763 318 1851 nis,
358 1771 398 1830 ut
440 1755 593 1848 allano,
638 1756 815 1852 caldus3
859 1758 984 1853 albo,
1026 1760 1170 1832 caldo.
1217 1753 1381 1852 Neutra,

242 1873 284 1933 ut
308 1858 422 1953 scala,
457 1857 609 1951 scalam3
646 1857 775 1950 falcra,
808 1858 964 1932 faleram.
1018 1861 1081 1933 Ad
1104 1888 1192 1959 quas
1217 1861 1384 1933 accedere

242 1972 357 2060 potest
379 1972 502 2059 quarta
526 1960 654 2052 mixta,
682 1971 722 2030 nt
744 1962 966 2054 amicitia,
993 1965 1253 2057 inimicitia,
1280 1965 1384 2034 ami-

135 2093 138 2104 *
183 2067 423 2159 fficitiam,
461 2062 756 2160 inimicitiam.
810 2061 932 2134 Prima
954 2076 1026 2156 est,
1062 2091 1131 2163 qua
1154 2067 1208 2136 nsi
1232 2067 1382 2161 antiqui,

244 2178 278 2239 et
301 2190 366 2238 nos
391 2163 616 2262 reliquimus:
655 2162 830 2258 secunda,
867 2189 936 2261 qua
959 2191 1053 2239 nunc
1075 2169 1225 2240 utimur:
1262 2169 1381 2261 tertia,

244 2292 314 2368 qua
343 2277 486 2339 utuntur
511 2273 645 2360 potitae.
1427 2273 1428 2292 ³

350 2383 417 2457 tt.
454 2379 651 2486 Analogiae
676 2413 747 2459 non
771 2389 854 2460 item
876 2414 917 2460 ca
937 2388 1130 2462 delinienda
1153 2416 1241 2489 quae
1262 2387 1385 2488 dirigi·

196 2519 201 2530 ·
244 2501 303 2561 tur
336 2488 380 2559 ad
412 2498 571 2559 naturam
603 2486 810 2582 verborum,
855 2502 958 2588 atque
989 2492 1047 2563 illa
1082 2520 1171 2592 quae
1205 2492 1248 2564 ad
1279 2519 1386 2564 usum

244 2589 422 2689 loquendi.
475 2588 567 2660 Nam
599 2615 688 2687 quae
722 2594 838 2688 prior,
876 2592 1069 2684 delinienda
1093 2597 1174 2666 sici
1206 2591 1386 2692 Analogia

246 2703 298 2765 est
323 2688 509 2761 verborum
533 2691 695 2763 similium
721 2693 905 2765 declinatio
925 2693 1061 2766 similis.
1106 2696 1285 2768 Posterior
1308 2699 1382 2768 sic:

246 2789 422 2889 Analogia
447 2800 500 2862 est
523 2790 709 2864 verborum
733 2793 894 2866 similium
924 2794 1108 2891 declinatio
1132 2797 1273 2888 similis,
1314 2824 1386 2870 non
1426 2861 1427 2864 ,

246 2903 460 2992 repugnante
494 2894 741 2990 consuetudine
772 2899 959 2969 communi.
1026 2892 1088 2970 Ad
1121 2924 1226 2997 quarn
1257 2899 1387 2970 harum

248 2995 395 3067 duarum
427 2993 473 3065 ad
506 3006 696 3067 extremum
732 2998 887 3070 additum
921 3001 985 3072 erit
1015 2998 1106 3072 hoc:
1154 3027 1199 3074 ex
1234 3001 1386 3099 quadam

248 3107 366 3195 parte:
402 3097 537 3194 poetica
569 3097 727 3198 analogia
763 3103 827 3174 erit
858 3099 1012 3196 delinita.
1066 3103 1205 3176 Harum
1235 3104 1385 3202 primam

363 3285 415 3351 72.
447 3319 558 3375 cumque
577 3302 615 3354 sit
635 3302 664 3355 in
677 3305 830 3376 ferendofl
848 3307 925 3362 codd.
945 3359 946 3364 ,
968 3309 1043 3361 Haec
1061 3314 1181 3376 corrupta
1199 3306 1298 3372 habe03
1328 3323 1384 3359 nam

254 3371 334 3424 etiam
352 3390 512 3446 quacunque
530 3373 606 3426 huius
626 3377 676 3428 loci
695 3393 746 3429 nou
765 3386 812 3431 est.
853 3381 969 3448 Scioppii
993 3381 1154 3432 coniectura:
1177 3378 1383 3440 adimerentur,

251 3444 288 3494 nil
313 3444 467 3512 proficimus.
597 3447 751 3518 ‘analogias
775 3447 914 3502 verborum
940 3451 1149 3519 exprimendas*]
1177 3449 1241 3502 haec
1264 3450 1384 3501 transtuli

256 3529 290 3565 ex
307 3515 422 3569 interiori
440 3518 498 3569 loco
516 3521 576 3584 post
588 3533 629 3568 vv.
647 3536 680 3566 ex
698 3519 787 3584 simili,
805 3537 857 3588 qno
876 3524 934 3575 loco
952 3524 978 3575 in
996 3522 1070 3575 codd.
1089 3524 1211 3587 teguntur
1228 3521 1299 3573 omni
1318 3536 1383 3573 nexu

251 3585 383 3638 destituta.
498 3589 579 3658 quas]
596 3589 699 3658 scripsi.
736 3609 805 3662 quae
823 3593 899 3666 codd.
1023 3593 1082 3665 qui]
1105 3595 1139 3644 G.
1176 3610 1231 3664 qua
1249 3599 1315 3645 cett.

317 3777 322 3788 Ι
362 3691 416 3759 73.
446 3709 529 3761 usae
546 3711 659 3779 specus]
678 3712 823 3767 emendavit
841 3716 964 3782 Spengel.
982 3713 1182 3801 euentum.
1201 3719 1285 3783 p.1o.
1323 3713 1383 3794 aaut

251 3795 350 3901 {liii
366 3780 638 3922 tisinum..
655 3785 1303 3926 s...‚ituit'tsilnilfti:..titt
1320 3787 1383 3909 lis}

252 3920 369 3972 demenn.
442 3922 613 3992 Neutrehg.
640 3937 752 3977 neutrae
770 3927 844 3980 codd.
911 3927 1019 3998 fulera]
1038 3929 1154 3995 intellige
1171 3927 1299 4004 phaleras,
1317 3944 1382 3996 quae

252 3991 375 4057 singulari
400 4009 451 4044 non
478 3993 603 4048 dicuntur.
718 3997 852 4062 amicitia]
874 3998 914 4051 Cf.
933 3999 963 4050 C.
983 4000 1079 4054 Caesar
1097 4000 1130 4052 de
1147 4001 1214 4053 anal.
1231 4001 1301 4068 apud
1318 4001 1382 4052 Gei—
1425 4015 1426 4070 ζ

251 4061 314 4113 lium
331 4053 409 4128 xlx,
427 4068 453 4116 8,
478 4071 505 4116 et
522 4065 622 4119 Nonius
639 4084 665 4134 p.
681 4070 741 4122 lae.
760 4069 799 4122 Μ.
823 4069 850 4121 in
873 4070 959 4139 capite
983 4068 1016 4123 de
1039 4069 1153 4124 honestis
1177 4077 1205 4124 ct
1222 4087 1289 4126 nove
1308 4070 1382 4124 dictis
1425 4077 1426 4150 ,

253 4146 274 4184 s.
292 4147 316 4182 v.
352 4133 489 4187 inimicitia
506 4151 615 4190 numero
631 4139 763 4206 singulari.
1425 4151 1426 4191 t

367 4235 418 4300 74.
442 4251 690 4328 AnalogiaeJcodd.
728 4260 856 4334 analogia
874 4279 916 4331 vg.
953 4264 1125 4321 Multitudinis
1147 4263 1211 4339 πρδς
1229 4261 1378 4330 ‘td'mt'tff‘

253 4343 295 4373 νον
311 4325 456 4389 usurpetur.
