2864 4814
275 215 332 288 90
685 239 809 284 urana
849 236 1021 282 saurus.

208 415 211 422 '
276 425 382 500 quom
411 400 497 499 quid
520 399 686 472 remansit
710 400 748 470 in
771 406 885 472 mente
908 395 1057 495 indeque
1078 421 1201 469 rursus
1227 411 1404 498 movetur,

275 529 364 600 quae
396 529 416 574 a
454 503 625 576 manendo
660 511 700 574 ut
739 501 1007 573 manimoria
1044 509 1156 596 potest
1189 525 1264 572 esse
1302 501 1403 577 dicte.

212 629 260 698 ²22⁶.
274 606 397 703 ltaque
419 603 507 678 Salii
533 603 627 702 quod
653 613 807 695 cantant,
836 604 1008 674 Mamuri
1031 606 1073 675 V
1070 603 1179 693 etuti,
1206 603 1404 700 significant

274 718 424 780 veterem
448 709 661 778 memoriam.
714 702 776 776 Ab
799 701 920 777 eodem
946 727 1146 797 monere,
1173 703 1267 799 quod
1294 707 1326 776 is
1351 709 1406 804 qui

274 819 415 899 monet,
457 808 602 904 proinde
635 809 679 880 sit
713 833 754 878 ac
786 807 962 878 memoria.
1037 804 1100 898 Sic
1135 808 1406 880 monimenta

274 935 363 1006 quae
390 912 427 980 in
451 910 641 1007 sepulcris3
680 921 715 982 et
743 905 822 980 ideo
854 906 1044 980 secundum
1070 908 1183 999 viam,
1212 933 1284 1005 quo
1310 935 1405 1005 prae·

274 995 441 1085 tereur'rtis
469 1011 677 1084 admoneant
706 1017 806 1082 etse
831 1008 940 1082 fuisse
971 1021 1007 1080 et
1030 1008 1109 1080 illos
1135 1035 1211 1080 esse
1236 1012 1403 1082 mortalis.

273 1111 335 1185 Ab
370 1139 411 1185 en
444 1124 557 1186 cetera
589 1139 679 1210 quae
711 1113 841 1210 scripta
875 1135 917 1182 ac
949 1109 1041 1182 sactu
1073 1113 1256 1183 memoriae
1288 1136 1403 1206 causa,

167 1283 169 1288 .
208 1216 538 1291 reemonimenta
568 1214 672 1288 dicta.
802 1211 871 1286 46.
908 1211 1124 1286 Curarea
1152 1237 1234 1284 cura
1261 1212 1402 1284 dietum.

216 1308 410 1410 Ἔπη,
438 1316 533 1414 quod
555 1341 615 1390 cor
640 1327 731 1388 urat.
786 1313 1033 1406 Curiosus,
1062 1314 1156 1411 quod
1181 1312 1247 1386 hac
1273 1327 1405 1412 praeter

271 1418 412 1492 modum
440 1421 560 1490 utitur.
621 1415 885 1490 Recordare
916 1443 1037 1488 rursus
1069 1419 1107 1489 iu
1133 1441 1193 1488 cor
1225 1442 1400 1490 revocare.

272 1518 461 1612 Curiae,
497 1517 559 1590 ubi
592 1531 734 1591 senatus
767 1517 1018 1615 rempublicam
1048 1529 1168 1612 curat,
1204 1527 1240 1592 et
1263 1517 1326 1590 illa
1352 1518 1404 1590 ubi

271 1646 355 1693 cura
380 1647 558 1708 sacrorum
582 1619 745 1718 publiea5
782 1619 826 1692 ab
852 1620 908 1692 his
935 1621 1160 1693 curiones.

383 1769 452 1844 47.
489 1771 606 1846 volo
631 1799 651 1843 a
676 1773 854 1846 voluntate
880 1773 1022 1844 dictum.
1037 1783 1072 1845 et
1096 1800 1117 1846 a
1138 1773 1278 1867 volatu,
1317 1774 1403 1872 qnod

272 1875 405 1946 animus
440 1875 488 1945 ita
517 1884 589 1966 est,
627 1884 667 1946 ut
695 1885 827 1972 puncto
853 1869 1025 1971 temporis
1041 1876 1196 1973 pervolet
1221 1901 1292 1973 quo
1322 1877 1400 1948 volt.

270 1976 444 2049 Lubere
467 1973 511 2047 ab
534 1975 683 2049 labendo
702 1977 848 2071 dietum,
874 1976 967 2074 quod
989 1975 1124 2049 lubrice
1146 2004 1244 2050 mens
1266 2003 1309 2048 ac
1329 2004 1401 2074 pro·

228 2097 230 2102 '
270 2076 419 2171 labitur,
448 2088 488 2149 ut
512 2077 673 2151 dicebant
698 2079 794 2150 olim.
827 2075 910 2150 ‘Ab
931 2077 1083 2150 lubendo
1108 2079 1272 2172 libido,
1307 2080 1401 2151 libi-

214 2177 458 2278 msdinosus
484 2205 525 2252 ac
541 2180 685 2254 Venus
710 2181 938 2252 Libentin‘a
960 2192 994 2252 et
1019 2179 1222 2276 Libitina,
1253 2184 1305 2254 sic
1326 2181 1399 2252 alia.

230 2279 342 2360 cedd.
380 2271 585 2357 Metuere
610 2308 631 2354 a
656 2282 808 2383 quodam
836 2293 934 2356 motu
948 2284 1082 2377 animi,
1118 2308 1224 2382 quom
1250 2283 1288 2354 id
1313 2281 1401 2382 quod

268 2525 348 2578 inisse
364 2531 424 2594 post
441 2525 586 2591 reminisci,
612 2528 656 2579 illa
674 2534 761 2580 antem
779 2527 812 2580 de
830 2528 908 2579 variis
924 2533 1010 2579 metus
1028 2532 1055 2579 et
1072 2527 1171 2578 timoris
1188 2527 1328 2592 generibus
1346 2533 1398 2595 post

268 2614 293 2649 v.
312 2603 436 2649 metuere.
472 2599 556 2662 Igitur
574 2600 599 2661 §.
613 2601 657 2651 45.
677 2606 705 2650 et
721 2603 766 2653 49.
783 2600 810 2649 iu
828 2615 888 2651 eum
904 2591 1034 2663 undidem,
1056 2613 1133 2664 quem
1149 2600 1268 2664 restitui,
1287 2607 1398 2667 transpo

267 2669 351 2720 nenda
369 2674 450 2720 eraut.
497 2669 606 2719 Poterat
628 2670 747 2722 librarius
772 2671 854 2722 oculis
879 2670 911 2721 ab
937 2672 1017 2720 ultera
1043 2671 1069 2720 in
1094 2670 1200 2720 alteram
1228 2672 1364 2738 paginam,
1387 2687 1399 2720 e

269 2739 349 2790 verbo
374 2738 519 2790 meminisse
537 2739 570 2791 ad
588 2746 718 2806 metuere,
746 2742 875 2793 aberrare.
922 2740 976 2793 Sed
995 2741 1028 2792 de
1045 2739 1094 2793 hoc
1112 2756 1214 2807 quoque
1232 2745 1292 2794 loeo
1309 2743 1398 2794 dictum

268 2815 311 2861 est
326 2811 353 2861 in
371 2809 544 2862 Praefatione.
823 2829 827 2838 ·

379 2906 433 2971 45·
469 2943 546 2996 quom
565 2923 641 2996 quid]
661 2927 727 2979 coni.
777 2943 835 2978 cum
855 2926 948 2998 (quom
965 2925 1015 2993 H.)
1034 2923 1064 2975 td
1081 2925 1153 2995 quod
1170 2925 1244 2980 codd.
1270 2929 1319 2981 nisi
1336 2927 1397 2995 qnod
1419 2929 1420 2932 ’

270 2991 343 3065 quod
359 2992 389 3043 id
405 2993 431 3046 b.
493 3037 495 3040 .
590 2995 713 3068 indeque]
732 2999 799 3050 coni.
835 2997 864 3050 in
881 2998 911 3048 id
928 2997 1000 3067 quod
1016 2996 1091 3049 codd.
1134 2999 1176 3051 De
1193 3000 1261 3052 sacili
1281 3002 1397 3066 siglamm

268 3067 458 3133 permutatione
476 3084 501 3121 v.
518 3068 660 3128 Praelatio.
791 3069 931 3134 manendo]
942 3071 969 3125 b.
986 3077 1016 3121 ut
1035 3067 1236 3136 Rbolandellns,
1254 3073 1395 3140 Scioppius.

267 3135 401 3186 manando
419 3144 480 3191 cett.
494 3139 570 3192 codd.
659 3139 825 3208 manimort'a]
839 3159 881 3206 vg.
908 3139 1079 3191 mortiumnria
1092 3141 1165 3193 FGa.
1192 3143 1356 3194 manomoria
1367 3143 1396 3194 Η.

267 3205 356 3257 monio
370 3209 492 3258 memoria
504 3211 529 3262 b.
601 3213 723 3262 Mumuri
736 3212 842 3278 Veturi]
856 3213 1001 3276 Turnebus,
1019 3212 1062 3277 qul
1073 3212 1193 3262 Mamuri
1209 3213 1293 3264 veteri
1307 3215 1396 3267 invenit

266 3279 293 3330 in
301 3282 363 3330 velt.
371 3278 451 3330 libris.
477 3280 598 3331 memorii
610 3293 727 3335 veterum
736 3284 794 3338 FG.
819 3284 922 3335 menori
930 3293 1049 3336 veterum
1058 3282 1093 3336 Η.
1111 3285 1394 3336 neamuriveterumab.

266 3351 299 3402 V.
319 3349 352 3401 de
372 3365 403 3401 eo
422 3352 524 3404 nomine
541 3352 635 3405 Festus
653 3371 673 3406 s.
687 3371 711 3406 v.
731 3355 851 3407 Memmii
873 3357 974 3408 Veturii
993 3372 1018 3421 p.
1030 3359 1072 3406 96.
1107 3355 1214 3406 Ovidius
1232 3356 1262 3407 F.
1276 3359 1325 3420 tlt,
1342 3361 1394 3409 259.

267 3424 332 3473 389.
374 3421 528 3474 Plutarchus
552 3423 628 3477 Num.
647 3430 689 3477 13.
732 3426 919 3479 celebrabatur
935 3427 961 3478 id
980 3434 1095 3475 extremo
1114 3426 1243 3489 carmine,
1271 3427 1397 3488 Mummii,

266 3501 297 3544 ut
314 3490 430 3557 videtur,
459 3510 534 3547 sacro
553 3494 609 3556 die,
635 3495 667 3547 de
686 3512 737 3562 quo
755 3513 779 3548 v.
798 3498 983 3550 Kalendarium
1007 3498 1130 3549 rusticum
1155 3498 1344 3551 Frruesianum
1360 3515 1393 3564 ap.

268 3564 394 3617 Orelliurn
413 3566 494 3621 lusor.
512 3568 546 3619 ΙΙ.
566 3585 592 3634 p.
603 3569 664 3618 380.
765 3570 933 3634 veteremffl.
953 3585 1002 3620 om.
1016 3574 1077 3620 cett.
1091 3569 1165 3622 codd.
1260 3568 1296 3618 ab
1315 3570 1394 3622 eodem

267 3636 414 3702 monere]b.
451 3655 552 3688 monere
567 3629 702 3688 abeodem
716 3655 845 3689 monerem
856 3642 890 3693 G.
922 3638 1058 3690 abeodem
1072 3657 1198 3690 monerem
1211 3645 1273 3692 cett.
1348 3657 1395 3691 nro-

267 3706 396 3773 nimenta]
406 3708 436 3760 F.
469 3720 638 3760 monumenta
650 3711 684 3764 G.
712 3709 810 3760 montio
825 3712 965 3766 mentaab.
999 3710 1197 3762 monitiomentc
1208 3711 1242 3763 H.
1335 3729 1393 3762 ntor-

268 3775 405 3844 rulis]Gb.
430 3780 557 3832 mortales
569 3787 631 3835 cett.
719 3780 890 3849 monimenta]
900 3783 931 3835 F.
967 3787 1069 3833 murata
1081 3784 1115 3835 G.
1151 3792 1321 3833 monumento
1338 3787 1390 3836 cett

381 3893 436 3959 46.
466 3906 538 3979 quod
554 3907 616 3976 dac]
635 3907 701 3962 Gab.
739 3897 790 3980 qui¹
803 3909 834 3964 1⁴¹.
949 3909 1057 3975 Curiae]
1076 3907 1118 3960 Cf.
1136 3910 1169 3974 V,
1188 3913 1250 3964 155.

378 4021 430 4090 47.
459 4032 573 4104 Lubere]
598 4036 636 4088 sic
661 4035 736 4090 codd.
761 4036 787 4088 in
812 4037 985 4106 sequentibus.
1035 4035 1095 4088 Hoc
1121 4035 1180 4087 loco
1205 4031 1349 4094 lidereest
1368 4035 1388 4085 in

268 4107 344 4161 codd.
467 4104 560 4172 libido]
580 4105 669 4157 lubido
687 4109 757 4159 solus
775 4108 800 4160 b.
909 4106 1084 4173 ·Libentina]
1104 4104 1216 4157 libentia
1233 4107 1296 4160 GH.
1338 4106 1388 4159 Non

268 4181 331 4232 satis
349 4182 470 4246 congruit
487 4193 546 4230 cum
565 4176 638 4231 huius
656 4179 707 4230 loci
721 4180 832 4232 lectione
851 4179 951 4232 Nonius
969 4180 1051 4231 Marc.
1070 4195 1091 4231 r.
1109 4193 1133 4229 v.
1153 4179 1299 4246 prolubium
1317 4197 1340 4246 p.
1350 4180 1387 4228 ot.

267 4253 397 4304 Meroen:
418 4252 504 4302 Varro
522 4247 554 4298 de
570 4247 666 4319 lingua
686 4253 747 4301 Lat.
762 4249 807 4303 lit.
822 4252 854 4314 V,
867 4249 1019 4302 Prolubiem
1036 4258 1064 4298 ct
1079 4247 1274 4317 prolubidinem
1292 4251 1342 4301 dici
1357 4246 1387 4298 ab

268 4339 298 4374 eo
317 4321 390 4394 quod
405 4319 513 4384 lubeat3
541 4319 611 4371 unde
629 4318 710 4371 etiam
729 4319 807 4374 lucus
828 4321 936 4375 Veneris
955 4318 1122 4374 Lubentinae
1142 4319 1258 4371 dicatur.
